%YAML 1.1
%TAG !u! tag:unity3d.com,2011:
--- !u!1 &4128348841054249302
GameObject:
  m_ObjectHideFlags: 0
  m_CorrespondingSourceObject: {fileID: 0}
  m_PrefabInstance: {fileID: 0}
  m_PrefabAsset: {fileID: 0}
  serializedVersion: 6
  m_Component:
  - component: {fileID: 4638599371770200834}
  m_Layer: 0
  m_Name: test scena
  m_TagString: Untagged
  m_Icon: {fileID: 0}
  m_NavMeshLayer: 0
  m_StaticEditorFlags: 0
  m_IsActive: 1
--- !u!4 &4638599371770200834
Transform:
  m_ObjectHideFlags: 0
  m_CorrespondingSourceObject: {fileID: 0}
  m_PrefabInstance: {fileID: 0}
  m_PrefabAsset: {fileID: 0}
  m_GameObject: {fileID: 4128348841054249302}
  m_LocalRotation: {x: 0, y: 0, z: 0, w: 1}
  m_LocalPosition: {x: 1.4685796, y: 3.0824156, z: 0.80532646}
  m_LocalScale: {x: 1, y: 1, z: 1}
  m_Children:
  - {fileID: 6040149222830149793}
  - {fileID: 6040149223557965952}
  - {fileID: 6040149221815205195}
  - {fileID: 6040149222849447065}
  - {fileID: 6040149221582085792}
  - {fileID: 6040149223314246831}
  - {fileID: 6040149223470663788}
  - {fileID: 6040149221557887687}
  m_Father: {fileID: 0}
  m_RootOrder: 0
  m_LocalEulerAnglesHint: {x: 0, y: 0, z: 0}
--- !u!1001 &1632659840446155229
PrefabInstance:
  m_ObjectHideFlags: 0
  serializedVersion: 2
  m_Modification:
    m_TransformParent: {fileID: 4638599371770200834}
    m_Modifications:
    - target: {fileID: -927199367670048503, guid: 74c4320cc87a0244b81327e5c7eb2cc7,
        type: 3}
      propertyPath: m_Name
      value: pavimento
      objectReference: {fileID: 0}
    - target: {fileID: -4216859302048453862, guid: 74c4320cc87a0244b81327e5c7eb2cc7,
        type: 3}
      propertyPath: m_LocalPosition.x
      value: -0.94896734
      objectReference: {fileID: 0}
    - target: {fileID: -4216859302048453862, guid: 74c4320cc87a0244b81327e5c7eb2cc7,
        type: 3}
      propertyPath: m_LocalPosition.y
      value: -2.8335805
      objectReference: {fileID: 0}
    - target: {fileID: -4216859302048453862, guid: 74c4320cc87a0244b81327e5c7eb2cc7,
        type: 3}
      propertyPath: m_LocalPosition.z
      value: 0.9657154
      objectReference: {fileID: 0}
    - target: {fileID: -4216859302048453862, guid: 74c4320cc87a0244b81327e5c7eb2cc7,
        type: 3}
      propertyPath: m_LocalRotation.x
      value: -0
      objectReference: {fileID: 0}
    - target: {fileID: -4216859302048453862, guid: 74c4320cc87a0244b81327e5c7eb2cc7,
        type: 3}
      propertyPath: m_LocalRotation.y
      value: -0
      objectReference: {fileID: 0}
    - target: {fileID: -4216859302048453862, guid: 74c4320cc87a0244b81327e5c7eb2cc7,
        type: 3}
      propertyPath: m_LocalRotation.z
      value: 1
      objectReference: {fileID: 0}
    - target: {fileID: -4216859302048453862, guid: 74c4320cc87a0244b81327e5c7eb2cc7,
        type: 3}
      propertyPath: m_LocalRotation.w
      value: 0.0000000754979
      objectReference: {fileID: 0}
    - target: {fileID: -4216859302048453862, guid: 74c4320cc87a0244b81327e5c7eb2cc7,
        type: 3}
      propertyPath: m_RootOrder
      value: 7
      objectReference: {fileID: 0}
    - target: {fileID: -4216859302048453862, guid: 74c4320cc87a0244b81327e5c7eb2cc7,
        type: 3}
      propertyPath: m_LocalEulerAnglesHint.x
      value: 0
      objectReference: {fileID: 0}
    - target: {fileID: -4216859302048453862, guid: 74c4320cc87a0244b81327e5c7eb2cc7,
        type: 3}
      propertyPath: m_LocalEulerAnglesHint.y
      value: 0
      objectReference: {fileID: 0}
    - target: {fileID: -4216859302048453862, guid: 74c4320cc87a0244b81327e5c7eb2cc7,
        type: 3}
      propertyPath: m_LocalEulerAnglesHint.z
      value: 0
      objectReference: {fileID: 0}
    - target: {fileID: -1504981713932161579, guid: 74c4320cc87a0244b81327e5c7eb2cc7,
        type: 3}
      propertyPath: m_Materials.Array.data[0]
      value: 
      objectReference: {fileID: 2100000, guid: 77087022edf3f29469d6c27b38de49c1, type: 2}
    m_RemovedComponents: []
  m_SourcePrefab: {fileID: 100100000, guid: 74c4320cc87a0244b81327e5c7eb2cc7, type: 3}
--- !u!4 &6040149221557887687 stripped
Transform:
  m_CorrespondingSourceObject: {fileID: -4216859302048453862, guid: 74c4320cc87a0244b81327e5c7eb2cc7,
    type: 3}
  m_PrefabInstance: {fileID: 1632659840446155229}
  m_PrefabAsset: {fileID: 0}
--- !u!1001 &1632659840488256954
PrefabInstance:
  m_ObjectHideFlags: 0
  serializedVersion: 2
  m_Modification:
    m_TransformParent: {fileID: 4638599371770200834}
    m_Modifications:
    - target: {fileID: -927199367670048503, guid: fd1b84a62e9242a40907162a1de0ff90,
        type: 3}
      propertyPath: m_Name
      value: SlopeTN
      objectReference: {fileID: 0}
    - target: {fileID: -4216859302048453862, guid: fd1b84a62e9242a40907162a1de0ff90,
        type: 3}
      propertyPath: m_LocalPosition.x
      value: 1.0187203
      objectReference: {fileID: 0}
    - target: {fileID: -4216859302048453862, guid: fd1b84a62e9242a40907162a1de0ff90,
        type: 3}
      propertyPath: m_LocalPosition.y
      value: -1.8982155
      objectReference: {fileID: 0}
    - target: {fileID: -4216859302048453862, guid: fd1b84a62e9242a40907162a1de0ff90,
        type: 3}
      propertyPath: m_LocalPosition.z
      value: 2.9333735
      objectReference: {fileID: 0}
    - target: {fileID: -4216859302048453862, guid: fd1b84a62e9242a40907162a1de0ff90,
        type: 3}
      propertyPath: m_LocalRotation.x
      value: -0
      objectReference: {fileID: 0}
    - target: {fileID: -4216859302048453862, guid: fd1b84a62e9242a40907162a1de0ff90,
        type: 3}
      propertyPath: m_LocalRotation.y
      value: -0
      objectReference: {fileID: 0}
    - target: {fileID: -4216859302048453862, guid: fd1b84a62e9242a40907162a1de0ff90,
        type: 3}
      propertyPath: m_LocalRotation.z
      value: -0
      objectReference: {fileID: 0}
    - target: {fileID: -4216859302048453862, guid: fd1b84a62e9242a40907162a1de0ff90,
        type: 3}
      propertyPath: m_LocalRotation.w
      value: 1
      objectReference: {fileID: 0}
    - target: {fileID: -4216859302048453862, guid: fd1b84a62e9242a40907162a1de0ff90,
        type: 3}
      propertyPath: m_RootOrder
      value: 4
      objectReference: {fileID: 0}
    - target: {fileID: -4216859302048453862, guid: fd1b84a62e9242a40907162a1de0ff90,
        type: 3}
      propertyPath: m_LocalEulerAnglesHint.x
      value: 0
      objectReference: {fileID: 0}
    - target: {fileID: -4216859302048453862, guid: fd1b84a62e9242a40907162a1de0ff90,
        type: 3}
      propertyPath: m_LocalEulerAnglesHint.y
      value: 0
      objectReference: {fileID: 0}
    - target: {fileID: -4216859302048453862, guid: fd1b84a62e9242a40907162a1de0ff90,
        type: 3}
      propertyPath: m_LocalEulerAnglesHint.z
      value: 0
      objectReference: {fileID: 0}
    - target: {fileID: -1504981713932161579, guid: fd1b84a62e9242a40907162a1de0ff90,
        type: 3}
      propertyPath: m_Materials.Array.data[0]
      value: 
      objectReference: {fileID: 2100000, guid: f7c96c8c271d4b84dac4cda4e20720d0, type: 2}
    m_RemovedComponents: []
  m_SourcePrefab: {fileID: 100100000, guid: fd1b84a62e9242a40907162a1de0ff90, type: 3}
--- !u!4 &6040149221582085792 stripped
Transform:
  m_CorrespondingSourceObject: {fileID: -4216859302048453862, guid: fd1b84a62e9242a40907162a1de0ff90,
    type: 3}
  m_PrefabInstance: {fileID: 1632659840488256954}
  m_PrefabAsset: {fileID: 0}
--- !u!1001 &1632659840721229393
PrefabInstance:
  m_ObjectHideFlags: 0
  serializedVersion: 2
  m_Modification:
    m_TransformParent: {fileID: 4638599371770200834}
    m_Modifications:
    - target: {fileID: -927199367670048503, guid: 564f6e020a92144419c08a7eb3ac5849,
        type: 3}
      propertyPath: m_Name
      value: SlopeTP
      objectReference: {fileID: 0}
    - target: {fileID: -4216859302048453862, guid: 564f6e020a92144419c08a7eb3ac5849,
        type: 3}
      propertyPath: m_LocalPosition.x
      value: 1.4975203
      objectReference: {fileID: 0}
    - target: {fileID: -4216859302048453862, guid: 564f6e020a92144419c08a7eb3ac5849,
        type: 3}
      propertyPath: m_LocalPosition.y
      value: 2.0482845
      objectReference: {fileID: 0}
    - target: {fileID: -4216859302048453862, guid: 564f6e020a92144419c08a7eb3ac5849,
        type: 3}
      propertyPath: m_LocalPosition.z
      value: 3.4009733
      objectReference: {fileID: 0}
    - target: {fileID: -4216859302048453862, guid: 564f6e020a92144419c08a7eb3ac5849,
        type: 3}
      propertyPath: m_LocalRotation.x
      value: 0.7071068
      objectReference: {fileID: 0}
    - target: {fileID: -4216859302048453862, guid: 564f6e020a92144419c08a7eb3ac5849,
        type: 3}
      propertyPath: m_LocalRotation.y
      value: -0.00000022197244
      objectReference: {fileID: 0}
    - target: {fileID: -4216859302048453862, guid: 564f6e020a92144419c08a7eb3ac5849,
        type: 3}
      propertyPath: m_LocalRotation.z
      value: -0.7071067
      objectReference: {fileID: 0}
    - target: {fileID: -4216859302048453862, guid: 564f6e020a92144419c08a7eb3ac5849,
        type: 3}
      propertyPath: m_LocalRotation.w
      value: -0.0000002219725
      objectReference: {fileID: 0}
    - target: {fileID: -4216859302048453862, guid: 564f6e020a92144419c08a7eb3ac5849,
        type: 3}
      propertyPath: m_RootOrder
      value: 2
      objectReference: {fileID: 0}
    - target: {fileID: -4216859302048453862, guid: 564f6e020a92144419c08a7eb3ac5849,
        type: 3}
      propertyPath: m_LocalEulerAnglesHint.x
      value: 0
      objectReference: {fileID: 0}
    - target: {fileID: -4216859302048453862, guid: 564f6e020a92144419c08a7eb3ac5849,
        type: 3}
      propertyPath: m_LocalEulerAnglesHint.y
      value: 0
      objectReference: {fileID: 0}
    - target: {fileID: -4216859302048453862, guid: 564f6e020a92144419c08a7eb3ac5849,
        type: 3}
      propertyPath: m_LocalEulerAnglesHint.z
      value: 0
      objectReference: {fileID: 0}
    - target: {fileID: -1504981713932161579, guid: 564f6e020a92144419c08a7eb3ac5849,
        type: 3}
      propertyPath: m_Materials.Array.data[0]
      value: 
      objectReference: {fileID: 2100000, guid: f7c96c8c271d4b84dac4cda4e20720d0, type: 2}
    m_RemovedComponents: []
  m_SourcePrefab: {fileID: 100100000, guid: 564f6e020a92144419c08a7eb3ac5849, type: 3}
--- !u!4 &6040149221815205195 stripped
Transform:
  m_CorrespondingSourceObject: {fileID: -4216859302048453862, guid: 564f6e020a92144419c08a7eb3ac5849,
    type: 3}
  m_PrefabInstance: {fileID: 1632659840721229393}
  m_PrefabAsset: {fileID: 0}
--- !u!1001 &1632659841719548859
PrefabInstance:
  m_ObjectHideFlags: 0
  serializedVersion: 2
  m_Modification:
    m_TransformParent: {fileID: 4638599371770200834}
    m_Modifications:
    - target: {fileID: -927199367670048503, guid: 5e1e850486cab0149af712ceb965445e,
        type: 3}
      propertyPath: m_Name
      value: spessore
      objectReference: {fileID: 0}
    - target: {fileID: -4216859302048453862, guid: 5e1e850486cab0149af712ceb965445e,
        type: 3}
      propertyPath: m_LocalPosition.x
      value: 0.46522033
      objectReference: {fileID: 0}
    - target: {fileID: -4216859302048453862, guid: 5e1e850486cab0149af712ceb965445e,
        type: 3}
      propertyPath: m_LocalPosition.y
      value: 1.7052846
      objectReference: {fileID: 0}
    - target: {fileID: -4216859302048453862, guid: 5e1e850486cab0149af712ceb965445e,
        type: 3}
      propertyPath: m_LocalPosition.z
      value: -2.0343266
      objectReference: {fileID: 0}
    - target: {fileID: -4216859302048453862, guid: 5e1e850486cab0149af712ceb965445e,
        type: 3}
      propertyPath: m_LocalRotation.x
      value: -0
      objectReference: {fileID: 0}
    - target: {fileID: -4216859302048453862, guid: 5e1e850486cab0149af712ceb965445e,
        type: 3}
      propertyPath: m_LocalRotation.y
      value: -0
      objectReference: {fileID: 0}
    - target: {fileID: -4216859302048453862, guid: 5e1e850486cab0149af712ceb965445e,
        type: 3}
      propertyPath: m_LocalRotation.z
      value: -0
      objectReference: {fileID: 0}
    - target: {fileID: -4216859302048453862, guid: 5e1e850486cab0149af712ceb965445e,
        type: 3}
      propertyPath: m_LocalRotation.w
      value: 1
      objectReference: {fileID: 0}
    - target: {fileID: -4216859302048453862, guid: 5e1e850486cab0149af712ceb965445e,
        type: 3}
      propertyPath: m_RootOrder
      value: 0
      objectReference: {fileID: 0}
    - target: {fileID: -4216859302048453862, guid: 5e1e850486cab0149af712ceb965445e,
        type: 3}
      propertyPath: m_LocalEulerAnglesHint.x
      value: 0
      objectReference: {fileID: 0}
    - target: {fileID: -4216859302048453862, guid: 5e1e850486cab0149af712ceb965445e,
        type: 3}
      propertyPath: m_LocalEulerAnglesHint.y
      value: 0
      objectReference: {fileID: 0}
    - target: {fileID: -4216859302048453862, guid: 5e1e850486cab0149af712ceb965445e,
        type: 3}
      propertyPath: m_LocalEulerAnglesHint.z
      value: 0
      objectReference: {fileID: 0}
    - target: {fileID: -1504981713932161579, guid: 5e1e850486cab0149af712ceb965445e,
        type: 3}
      propertyPath: m_Materials.Array.data[0]
      value: 
      objectReference: {fileID: 2100000, guid: d81cabd91a1a7924e82e11295e495df7, type: 2}
    m_RemovedComponents: []
  m_SourcePrefab: {fileID: 100100000, guid: 5e1e850486cab0149af712ceb965445e, type: 3}
--- !u!4 &6040149222830149793 stripped
Transform:
  m_CorrespondingSourceObject: {fileID: -4216859302048453862, guid: 5e1e850486cab0149af712ceb965445e,
    type: 3}
  m_PrefabInstance: {fileID: 1632659841719548859}
  m_PrefabAsset: {fileID: 0}
--- !u!1001 &1632659841771286403
PrefabInstance:
  m_ObjectHideFlags: 0
  serializedVersion: 2
  m_Modification:
    m_TransformParent: {fileID: 4638599371770200834}
    m_Modifications:
    - target: {fileID: -927199367670048503, guid: 807af4a1d372c8f45aa80234c03f80c7,
        type: 3}
      propertyPath: m_Name
      value: SlopeV
      objectReference: {fileID: 0}
    - target: {fileID: -4216859302048453862, guid: 807af4a1d372c8f45aa80234c03f80c7,
        type: 3}
      propertyPath: m_LocalPosition.x
      value: 1.2581204
      objectReference: {fileID: 0}
    - target: {fileID: -4216859302048453862, guid: 807af4a1d372c8f45aa80234c03f80c7,
        type: 3}
      propertyPath: m_LocalPosition.y
      value: 0.080584526
      objectReference: {fileID: 0}
    - target: {fileID: -4216859302048453862, guid: 807af4a1d372c8f45aa80234c03f80c7,
        type: 3}
      propertyPath: m_LocalPosition.z
      value: 3.1727736
      objectReference: {fileID: 0}
    - target: {fileID: -4216859302048453862, guid: 807af4a1d372c8f45aa80234c03f80c7,
        type: 3}
      propertyPath: m_LocalRotation.x
      value: -0.27059796
      objectReference: {fileID: 0}
    - target: {fileID: -4216859302048453862, guid: 807af4a1d372c8f45aa80234c03f80c7,
        type: 3}
      propertyPath: m_LocalRotation.y
      value: 0.6532815
      objectReference: {fileID: 0}
    - target: {fileID: -4216859302048453862, guid: 807af4a1d372c8f45aa80234c03f80c7,
        type: 3}
      propertyPath: m_LocalRotation.z
      value: -0.6532815
      objectReference: {fileID: 0}
    - target: {fileID: -4216859302048453862, guid: 807af4a1d372c8f45aa80234c03f80c7,
        type: 3}
      propertyPath: m_LocalRotation.w
      value: -0.27059796
      objectReference: {fileID: 0}
    - target: {fileID: -4216859302048453862, guid: 807af4a1d372c8f45aa80234c03f80c7,
        type: 3}
      propertyPath: m_RootOrder
      value: 3
      objectReference: {fileID: 0}
    - target: {fileID: -4216859302048453862, guid: 807af4a1d372c8f45aa80234c03f80c7,
        type: 3}
      propertyPath: m_LocalEulerAnglesHint.x
      value: 0
      objectReference: {fileID: 0}
    - target: {fileID: -4216859302048453862, guid: 807af4a1d372c8f45aa80234c03f80c7,
        type: 3}
      propertyPath: m_LocalEulerAnglesHint.y
      value: 0
      objectReference: {fileID: 0}
    - target: {fileID: -4216859302048453862, guid: 807af4a1d372c8f45aa80234c03f80c7,
        type: 3}
      propertyPath: m_LocalEulerAnglesHint.z
      value: 0
      objectReference: {fileID: 0}
    - target: {fileID: -4216859302048453862, guid: 807af4a1d372c8f45aa80234c03f80c7,
        type: 3}
      propertyPath: m_LocalScale.x
      value: 1
      objectReference: {fileID: 0}
    - target: {fileID: -4216859302048453862, guid: 807af4a1d372c8f45aa80234c03f80c7,
        type: 3}
      propertyPath: m_LocalScale.y
      value: 1
      objectReference: {fileID: 0}
    - target: {fileID: -1504981713932161579, guid: 807af4a1d372c8f45aa80234c03f80c7,
        type: 3}
      propertyPath: m_Materials.Array.data[0]
      value: 
      objectReference: {fileID: 2100000, guid: 8f728f1ff0bca2042a873c1a04d0b302, type: 2}
    m_RemovedComponents: []
  m_SourcePrefab: {fileID: 100100000, guid: 807af4a1d372c8f45aa80234c03f80c7, type: 3}
--- !u!4 &6040149222849447065 stripped
Transform:
  m_CorrespondingSourceObject: {fileID: -4216859302048453862, guid: 807af4a1d372c8f45aa80234c03f80c7,
    type: 3}
  m_PrefabInstance: {fileID: 1632659841771286403}
  m_PrefabAsset: {fileID: 0}
--- !u!1001 &1632659842183653301
PrefabInstance:
  m_ObjectHideFlags: 0
  serializedVersion: 2
  m_Modification:
    m_TransformParent: {fileID: 4638599371770200834}
    m_Modifications:
    - target: {fileID: -927199367670048503, guid: f2154c62747c51d47a87cec3957ce46b,
        type: 3}
      propertyPath: m_Name
      value: MuroIntegro
      objectReference: {fileID: 0}
    - target: {fileID: -4216859302048453862, guid: f2154c62747c51d47a87cec3957ce46b,
        type: 3}
      propertyPath: m_LocalPosition.x
      value: 1.9652203
      objectReference: {fileID: 0}
    - target: {fileID: -4216859302048453862, guid: f2154c62747c51d47a87cec3957ce46b,
        type: 3}
      propertyPath: m_LocalPosition.y
      value: 0.080584526
      objectReference: {fileID: 0}
    - target: {fileID: -4216859302048453862, guid: f2154c62747c51d47a87cec3957ce46b,
        type: 3}
      propertyPath: m_LocalPosition.z
      value: 0.96567357
      objectReference: {fileID: 0}
    - target: {fileID: -4216859302048453862, guid: f2154c62747c51d47a87cec3957ce46b,
        type: 3}
      propertyPath: m_LocalRotation.x
      value: -0
      objectReference: {fileID: 0}
    - target: {fileID: -4216859302048453862, guid: f2154c62747c51d47a87cec3957ce46b,
        type: 3}
      propertyPath: m_LocalRotation.y
      value: -0
      objectReference: {fileID: 0}
    - target: {fileID: -4216859302048453862, guid: f2154c62747c51d47a87cec3957ce46b,
        type: 3}
      propertyPath: m_LocalRotation.z
      value: 0.7071067
      objectReference: {fileID: 0}
    - target: {fileID: -4216859302048453862, guid: f2154c62747c51d47a87cec3957ce46b,
        type: 3}
      propertyPath: m_LocalRotation.w
      value: 0.7071068
      objectReference: {fileID: 0}
    - target: {fileID: -4216859302048453862, guid: f2154c62747c51d47a87cec3957ce46b,
        type: 3}
      propertyPath: m_RootOrder
      value: 5
      objectReference: {fileID: 0}
    - target: {fileID: -4216859302048453862, guid: f2154c62747c51d47a87cec3957ce46b,
        type: 3}
      propertyPath: m_LocalEulerAnglesHint.x
      value: 0
      objectReference: {fileID: 0}
    - target: {fileID: -4216859302048453862, guid: f2154c62747c51d47a87cec3957ce46b,
        type: 3}
      propertyPath: m_LocalEulerAnglesHint.y
      value: 0
      objectReference: {fileID: 0}
    - target: {fileID: -4216859302048453862, guid: f2154c62747c51d47a87cec3957ce46b,
        type: 3}
      propertyPath: m_LocalEulerAnglesHint.z
      value: 0
      objectReference: {fileID: 0}
    - target: {fileID: -4216859302048453862, guid: f2154c62747c51d47a87cec3957ce46b,
        type: 3}
      propertyPath: m_LocalScale.x
      value: 1.4999995
      objectReference: {fileID: 0}
    - target: {fileID: -1504981713932161579, guid: f2154c62747c51d47a87cec3957ce46b,
        type: 3}
      propertyPath: m_Materials.Array.data[0]
      value: 
      objectReference: {fileID: 2100000, guid: 6191445c7a599844ebc4015b813ce62d, type: 2}
    m_RemovedComponents: []
  m_SourcePrefab: {fileID: 100100000, guid: f2154c62747c51d47a87cec3957ce46b, type: 3}
--- !u!4 &6040149223314246831 stripped
Transform:
  m_CorrespondingSourceObject: {fileID: -4216859302048453862, guid: f2154c62747c51d47a87cec3957ce46b,
    type: 3}
  m_PrefabInstance: {fileID: 1632659842183653301}
  m_PrefabAsset: {fileID: 0}
--- !u!1001 &1632659842358027126
PrefabInstance:
  m_ObjectHideFlags: 0
  serializedVersion: 2
  m_Modification:
    m_TransformParent: {fileID: 4638599371770200834}
    m_Modifications:
    - target: {fileID: -927199367670048503, guid: ab4e6566f5dff0f419621a664729149a,
        type: 3}
      propertyPath: m_Name
      value: SlopeO
      objectReference: {fileID: 0}
    - target: {fileID: -4216859302048453862, guid: ab4e6566f5dff0f419621a664729149a,
        type: 3}
      propertyPath: m_LocalPosition.x
      value: 1.2581204
      objectReference: {fileID: 0}
    - target: {fileID: -4216859302048453862, guid: ab4e6566f5dff0f419621a664729149a,
        type: 3}
      propertyPath: m_LocalPosition.y
      value: -2.1264756
      objectReference: {fileID: 0}
    - target: {fileID: -4216859302048453862, guid: ab4e6566f5dff0f419621a664729149a,
        type: 3}
      propertyPath: m_LocalPosition.z
      value: 0.96567357
      objectReference: {fileID: 0}
    - target: {fileID: -4216859302048453862, guid: ab4e6566f5dff0f419621a664729149a,
        type: 3}
      propertyPath: m_LocalRotation.x
      value: -0
      objectReference: {fileID: 0}
    - target: {fileID: -4216859302048453862, guid: ab4e6566f5dff0f419621a664729149a,
        type: 3}
      propertyPath: m_LocalRotation.y
      value: -0
      objectReference: {fileID: 0}
    - target: {fileID: -4216859302048453862, guid: ab4e6566f5dff0f419621a664729149a,
        type: 3}
      propertyPath: m_LocalRotation.z
      value: 0.38268346
      objectReference: {fileID: 0}
    - target: {fileID: -4216859302048453862, guid: ab4e6566f5dff0f419621a664729149a,
        type: 3}
      propertyPath: m_LocalRotation.w
      value: 0.9238795
      objectReference: {fileID: 0}
    - target: {fileID: -4216859302048453862, guid: ab4e6566f5dff0f419621a664729149a,
        type: 3}
      propertyPath: m_RootOrder
      value: 6
      objectReference: {fileID: 0}
    - target: {fileID: -4216859302048453862, guid: ab4e6566f5dff0f419621a664729149a,
        type: 3}
      propertyPath: m_LocalEulerAnglesHint.x
      value: 0
      objectReference: {fileID: 0}
    - target: {fileID: -4216859302048453862, guid: ab4e6566f5dff0f419621a664729149a,
        type: 3}
      propertyPath: m_LocalEulerAnglesHint.y
      value: 0
      objectReference: {fileID: 0}
    - target: {fileID: -4216859302048453862, guid: ab4e6566f5dff0f419621a664729149a,
        type: 3}
      propertyPath: m_LocalEulerAnglesHint.z
      value: 0
      objectReference: {fileID: 0}
    - target: {fileID: -4216859302048453862, guid: ab4e6566f5dff0f419621a664729149a,
        type: 3}
      propertyPath: m_LocalScale.x
      value: 1
      objectReference: {fileID: 0}
    - target: {fileID: -4216859302048453862, guid: ab4e6566f5dff0f419621a664729149a,
        type: 3}
      propertyPath: m_LocalScale.y
      value: 1
      objectReference: {fileID: 0}
    - target: {fileID: -1504981713932161579, guid: ab4e6566f5dff0f419621a664729149a,
        type: 3}
      propertyPath: m_Materials.Array.data[0]
      value: 
      objectReference: {fileID: 2100000, guid: cf9968683c9edab439d1f98a60b755be, type: 2}
    m_RemovedComponents: []
  m_SourcePrefab: {fileID: 100100000, guid: ab4e6566f5dff0f419621a664729149a, type: 3}
--- !u!4 &6040149223470663788 stripped
Transform:
  m_CorrespondingSourceObject: {fileID: -4216859302048453862, guid: ab4e6566f5dff0f419621a664729149a,
    type: 3}
  m_PrefabInstance: {fileID: 1632659842358027126}
  m_PrefabAsset: {fileID: 0}
--- !u!1001 &1632659842464187290
PrefabInstance:
  m_ObjectHideFlags: 0
  serializedVersion: 2
  m_Modification:
    m_TransformParent: {fileID: 4638599371770200834}
    m_Modifications:
    - target: {fileID: -927199367670048503, guid: 143923513be10244da31b231eee41180,
        type: 3}
      propertyPath: m_Name
      value: passerella
      objectReference: {fileID: 0}
    - target: {fileID: -4216859302048453862, guid: 143923513be10244da31b231eee41180,
        type: 3}
      propertyPath: m_LocalPosition.x
      value: 0.46522033
      objectReference: {fileID: 0}
    - target: {fileID: -4216859302048453862, guid: 143923513be10244da31b231eee41180,
        type: 3}
      propertyPath: m_LocalPosition.y
      value: 1.7052846
      objectReference: {fileID: 0}
    - target: {fileID: -4216859302048453862, guid: 143923513be10244da31b231eee41180,
        type: 3}
      propertyPath: m_LocalPosition.z
      value: 0.96567357
      objectReference: {fileID: 0}
    - target: {fileID: -4216859302048453862, guid: 143923513be10244da31b231eee41180,
        type: 3}
      propertyPath: m_LocalRotation.x
      value: -0
      objectReference: {fileID: 0}
    - target: {fileID: -4216859302048453862, guid: 143923513be10244da31b231eee41180,
        type: 3}
      propertyPath: m_LocalRotation.y
      value: -0
      objectReference: {fileID: 0}
    - target: {fileID: -4216859302048453862, guid: 143923513be10244da31b231eee41180,
        type: 3}
      propertyPath: m_LocalRotation.z
      value: -0
      objectReference: {fileID: 0}
    - target: {fileID: -4216859302048453862, guid: 143923513be10244da31b231eee41180,
        type: 3}
      propertyPath: m_LocalRotation.w
      value: 1
      objectReference: {fileID: 0}
    - target: {fileID: -4216859302048453862, guid: 143923513be10244da31b231eee41180,
        type: 3}
      propertyPath: m_RootOrder
      value: 1
      objectReference: {fileID: 0}
    - target: {fileID: -4216859302048453862, guid: 143923513be10244da31b231eee41180,
        type: 3}
      propertyPath: m_LocalEulerAnglesHint.x
      value: 0
      objectReference: {fileID: 0}
    - target: {fileID: -4216859302048453862, guid: 143923513be10244da31b231eee41180,
        type: 3}
      propertyPath: m_LocalEulerAnglesHint.y
      value: 0
      objectReference: {fileID: 0}
    - target: {fileID: -4216859302048453862, guid: 143923513be10244da31b231eee41180,
        type: 3}
      propertyPath: m_LocalEulerAnglesHint.z
      value: 0
      objectReference: {fileID: 0}
    - target: {fileID: -1504981713932161579, guid: 143923513be10244da31b231eee41180,
        type: 3}
      propertyPath: m_Materials.Array.data[0]
      value: 
      objectReference: {fileID: 2100000, guid: 3c45f644e92551c47916a4d689d1800f, type: 2}
    m_RemovedComponents: []
  m_SourcePrefab: {fileID: 100100000, guid: 143923513be10244da31b231eee41180, type: 3}
--- !u!4 &6040149223557965952 stripped
Transform:
  m_CorrespondingSourceObject: {fileID: -4216859302048453862, guid: 143923513be10244da31b231eee41180,
    type: 3}
  m_PrefabInstance: {fileID: 1632659842464187290}
  m_PrefabAsset: {fileID: 0}
