%YAML 1.1
%TAG !u! tag:unity3d.com,2011:
--- !u!1 &4791136696060888292
GameObject:
  m_ObjectHideFlags: 0
  m_CorrespondingSourceObject: {fileID: 0}
  m_PrefabInstance: {fileID: 0}
  m_PrefabAsset: {fileID: 0}
  serializedVersion: 6
  m_Component:
  - component: {fileID: 8369606378168956663}
  - component: {fileID: 683938113748569281}
  - component: {fileID: 6503584325003276344}
  m_Layer: 0
  m_Name: COLONNA HUGE
  m_TagString: Untagged
  m_Icon: {fileID: 0}
  m_NavMeshLayer: 0
  m_StaticEditorFlags: 0
  m_IsActive: 1
--- !u!4 &8369606378168956663
Transform:
  m_ObjectHideFlags: 0
  m_CorrespondingSourceObject: {fileID: 0}
  m_PrefabInstance: {fileID: 0}
  m_PrefabAsset: {fileID: 0}
  m_GameObject: {fileID: 4791136696060888292}
  m_LocalRotation: {x: -0.6532815, y: 0.27059805, z: -0.27059805, w: -0.6532815}
  m_LocalPosition: {x: 24.716, y: 6.22, z: -5.18}
  m_LocalScale: {x: 0.515, y: 1.03, z: 1.545}
  m_Children:
  - {fileID: 6169569587401281122}
  - {fileID: 7107533593538749315}
  - {fileID: 760329972038047640}
  - {fileID: 1838121070604854371}
  - {fileID: 854666748644750294}
  - {fileID: 3030918225900532748}
  - {fileID: 2157207996981240597}
  - {fileID: 2903376855601864780}
  - {fileID: 9114070602534142590}
  - {fileID: 5770467726919815070}
  m_Father: {fileID: 0}
  m_RootOrder: 0
  m_LocalEulerAnglesHint: {x: 90, y: 270, z: -45}
--- !u!33 &683938113748569281
MeshFilter:
  m_ObjectHideFlags: 0
  m_CorrespondingSourceObject: {fileID: 0}
  m_PrefabInstance: {fileID: 0}
  m_PrefabAsset: {fileID: 0}
  m_GameObject: {fileID: 4791136696060888292}
  m_Mesh: {fileID: 4857214526161077223, guid: 807af4a1d372c8f45aa80234c03f80c7, type: 3}
--- !u!23 &6503584325003276344
MeshRenderer:
  m_ObjectHideFlags: 0
  m_CorrespondingSourceObject: {fileID: 0}
  m_PrefabInstance: {fileID: 0}
  m_PrefabAsset: {fileID: 0}
  m_GameObject: {fileID: 4791136696060888292}
  m_Enabled: 1
  m_CastShadows: 1
  m_ReceiveShadows: 1
  m_DynamicOccludee: 1
  m_MotionVectors: 1
  m_LightProbeUsage: 1
  m_ReflectionProbeUsage: 1
  m_RenderingLayerMask: 1
  m_RendererPriority: 0
  m_Materials:
  - {fileID: 2100000, guid: 8f728f1ff0bca2042a873c1a04d0b302, type: 2}
  m_StaticBatchInfo:
    firstSubMesh: 0
    subMeshCount: 0
  m_StaticBatchRoot: {fileID: 0}
  m_ProbeAnchor: {fileID: 0}
  m_LightProbeVolumeOverride: {fileID: 0}
  m_ScaleInLightmap: 1
  m_ReceiveGI: 1
  m_PreserveUVs: 0
  m_IgnoreNormalsForChartDetection: 0
  m_ImportantGI: 0
  m_StitchLightmapSeams: 1
  m_SelectedEditorRenderState: 3
  m_MinimumChartSize: 4
  m_AutoUVMaxDistance: 0.5
  m_AutoUVMaxAngle: 89
  m_LightmapParameters: {fileID: 0}
  m_SortingLayerID: 0
  m_SortingLayer: 0
  m_SortingOrder: 0
--- !u!1001 &259367707678659205
PrefabInstance:
  m_ObjectHideFlags: 0
  serializedVersion: 2
  m_Modification:
    m_TransformParent: {fileID: 8369606378168956663}
    m_Modifications:
    - target: {fileID: 6943594654401654516, guid: 1712c491f028d6647a219fc59b835ccb,
        type: 3}
      propertyPath: m_Name
      value: BarE
      objectReference: {fileID: 0}
    - target: {fileID: 6199138178859769063, guid: 1712c491f028d6647a219fc59b835ccb,
        type: 3}
      propertyPath: m_LocalPosition.x
      value: -0.0046687075
      objectReference: {fileID: 0}
    - target: {fileID: 6199138178859769063, guid: 1712c491f028d6647a219fc59b835ccb,
        type: 3}
      propertyPath: m_LocalPosition.y
      value: 0.37565938
      objectReference: {fileID: 0}
    - target: {fileID: 6199138178859769063, guid: 1712c491f028d6647a219fc59b835ccb,
        type: 3}
      propertyPath: m_LocalPosition.z
      value: 1.0532038
      objectReference: {fileID: 0}
    - target: {fileID: 6199138178859769063, guid: 1712c491f028d6647a219fc59b835ccb,
        type: 3}
      propertyPath: m_LocalRotation.x
      value: 0.5
      objectReference: {fileID: 0}
    - target: {fileID: 6199138178859769063, guid: 1712c491f028d6647a219fc59b835ccb,
        type: 3}
      propertyPath: m_LocalRotation.y
      value: -0.5
      objectReference: {fileID: 0}
    - target: {fileID: 6199138178859769063, guid: 1712c491f028d6647a219fc59b835ccb,
        type: 3}
      propertyPath: m_LocalRotation.z
      value: 0.5
      objectReference: {fileID: 0}
    - target: {fileID: 6199138178859769063, guid: 1712c491f028d6647a219fc59b835ccb,
        type: 3}
      propertyPath: m_LocalRotation.w
      value: -0.5
      objectReference: {fileID: 0}
    - target: {fileID: 6199138178859769063, guid: 1712c491f028d6647a219fc59b835ccb,
        type: 3}
      propertyPath: m_RootOrder
      value: 0
      objectReference: {fileID: 0}
    - target: {fileID: 6199138178859769063, guid: 1712c491f028d6647a219fc59b835ccb,
        type: 3}
      propertyPath: m_LocalEulerAnglesHint.x
      value: 0
      objectReference: {fileID: 0}
    - target: {fileID: 6199138178859769063, guid: 1712c491f028d6647a219fc59b835ccb,
        type: 3}
      propertyPath: m_LocalEulerAnglesHint.y
      value: 45
      objectReference: {fileID: 0}
    - target: {fileID: 6199138178859769063, guid: 1712c491f028d6647a219fc59b835ccb,
        type: 3}
      propertyPath: m_LocalEulerAnglesHint.z
      value: 0
      objectReference: {fileID: 0}
    - target: {fileID: 6199138178859769063, guid: 1712c491f028d6647a219fc59b835ccb,
        type: 3}
      propertyPath: m_LocalScale.x
      value: 1.7236717
      objectReference: {fileID: 0}
    - target: {fileID: 6199138178859769063, guid: 1712c491f028d6647a219fc59b835ccb,
        type: 3}
      propertyPath: m_LocalScale.y
      value: 0.6472493
      objectReference: {fileID: 0}
    - target: {fileID: 6199138178859769063, guid: 1712c491f028d6647a219fc59b835ccb,
        type: 3}
      propertyPath: m_LocalScale.z
      value: 0.977278
      objectReference: {fileID: 0}
    m_RemovedComponents: []
  m_SourcePrefab: {fileID: 100100000, guid: 1712c491f028d6647a219fc59b835ccb, type: 3}
--- !u!4 &6169569587401281122 stripped
Transform:
  m_CorrespondingSourceObject: {fileID: 6199138178859769063, guid: 1712c491f028d6647a219fc59b835ccb,
    type: 3}
  m_PrefabInstance: {fileID: 259367707678659205}
  m_PrefabAsset: {fileID: 0}
--- !u!1001 &437713960932135801
PrefabInstance:
  m_ObjectHideFlags: 0
  serializedVersion: 2
  m_Modification:
    m_TransformParent: {fileID: 8369606378168956663}
    m_Modifications:
    - target: {fileID: 6943594654401654516, guid: 1712c491f028d6647a219fc59b835ccb,
        type: 3}
      propertyPath: m_Name
      value: BarE (1)
      objectReference: {fileID: 0}
    - target: {fileID: 6199138178859769063, guid: 1712c491f028d6647a219fc59b835ccb,
        type: 3}
      propertyPath: m_LocalPosition.x
      value: -0.0046687075
      objectReference: {fileID: 0}
    - target: {fileID: 6199138178859769063, guid: 1712c491f028d6647a219fc59b835ccb,
        type: 3}
      propertyPath: m_LocalPosition.y
      value: 0.37565878
      objectReference: {fileID: 0}
    - target: {fileID: 6199138178859769063, guid: 1712c491f028d6647a219fc59b835ccb,
        type: 3}
      propertyPath: m_LocalPosition.z
      value: -10.7831745
      objectReference: {fileID: 0}
    - target: {fileID: 6199138178859769063, guid: 1712c491f028d6647a219fc59b835ccb,
        type: 3}
      propertyPath: m_LocalRotation.x
      value: 0.5
      objectReference: {fileID: 0}
    - target: {fileID: 6199138178859769063, guid: 1712c491f028d6647a219fc59b835ccb,
        type: 3}
      propertyPath: m_LocalRotation.y
      value: -0.5
      objectReference: {fileID: 0}
    - target: {fileID: 6199138178859769063, guid: 1712c491f028d6647a219fc59b835ccb,
        type: 3}
      propertyPath: m_LocalRotation.z
      value: 0.5
      objectReference: {fileID: 0}
    - target: {fileID: 6199138178859769063, guid: 1712c491f028d6647a219fc59b835ccb,
        type: 3}
      propertyPath: m_LocalRotation.w
      value: -0.5
      objectReference: {fileID: 0}
    - target: {fileID: 6199138178859769063, guid: 1712c491f028d6647a219fc59b835ccb,
        type: 3}
      propertyPath: m_RootOrder
      value: 9
      objectReference: {fileID: 0}
    - target: {fileID: 6199138178859769063, guid: 1712c491f028d6647a219fc59b835ccb,
        type: 3}
      propertyPath: m_LocalEulerAnglesHint.x
      value: 0
      objectReference: {fileID: 0}
    - target: {fileID: 6199138178859769063, guid: 1712c491f028d6647a219fc59b835ccb,
        type: 3}
      propertyPath: m_LocalEulerAnglesHint.y
      value: 45
      objectReference: {fileID: 0}
    - target: {fileID: 6199138178859769063, guid: 1712c491f028d6647a219fc59b835ccb,
        type: 3}
      propertyPath: m_LocalEulerAnglesHint.z
      value: 0
      objectReference: {fileID: 0}
    - target: {fileID: 6199138178859769063, guid: 1712c491f028d6647a219fc59b835ccb,
        type: 3}
      propertyPath: m_LocalScale.x
      value: 1.7236717
      objectReference: {fileID: 0}
    - target: {fileID: 6199138178859769063, guid: 1712c491f028d6647a219fc59b835ccb,
        type: 3}
      propertyPath: m_LocalScale.y
      value: 0.6472493
      objectReference: {fileID: 0}
    - target: {fileID: 6199138178859769063, guid: 1712c491f028d6647a219fc59b835ccb,
        type: 3}
      propertyPath: m_LocalScale.z
      value: 0.977278
      objectReference: {fileID: 0}
    m_RemovedComponents: []
  m_SourcePrefab: {fileID: 100100000, guid: 1712c491f028d6647a219fc59b835ccb, type: 3}
--- !u!4 &5770467726919815070 stripped
Transform:
  m_CorrespondingSourceObject: {fileID: 6199138178859769063, guid: 1712c491f028d6647a219fc59b835ccb,
    type: 3}
  m_PrefabInstance: {fileID: 437713960932135801}
  m_PrefabAsset: {fileID: 0}
--- !u!1001 &2598657949372858894
PrefabInstance:
  m_ObjectHideFlags: 0
  serializedVersion: 2
  m_Modification:
    m_TransformParent: {fileID: 8369606378168956663}
    m_Modifications:
    - target: {fileID: 7795940509174428259, guid: 9c30faf92070bff44882f8704992d7b7,
        type: 3}
      propertyPath: m_Name
      value: SlopeV (8)
      objectReference: {fileID: 0}
    - target: {fileID: 6515555609406701680, guid: 9c30faf92070bff44882f8704992d7b7,
        type: 3}
      propertyPath: m_LocalPosition.x
      value: 0
      objectReference: {fileID: 0}
    - target: {fileID: 6515555609406701680, guid: 9c30faf92070bff44882f8704992d7b7,
        type: 3}
      propertyPath: m_LocalPosition.y
      value: 0
      objectReference: {fileID: 0}
    - target: {fileID: 6515555609406701680, guid: 9c30faf92070bff44882f8704992d7b7,
        type: 3}
      propertyPath: m_LocalPosition.z
      value: -6.3080916
      objectReference: {fileID: 0}
    - target: {fileID: 6515555609406701680, guid: 9c30faf92070bff44882f8704992d7b7,
        type: 3}
      propertyPath: m_LocalRotation.x
      value: -0
      objectReference: {fileID: 0}
    - target: {fileID: 6515555609406701680, guid: 9c30faf92070bff44882f8704992d7b7,
        type: 3}
      propertyPath: m_LocalRotation.y
      value: -0
      objectReference: {fileID: 0}
    - target: {fileID: 6515555609406701680, guid: 9c30faf92070bff44882f8704992d7b7,
        type: 3}
      propertyPath: m_LocalRotation.z
      value: -0
      objectReference: {fileID: 0}
    - target: {fileID: 6515555609406701680, guid: 9c30faf92070bff44882f8704992d7b7,
        type: 3}
      propertyPath: m_LocalRotation.w
      value: 1
      objectReference: {fileID: 0}
    - target: {fileID: 6515555609406701680, guid: 9c30faf92070bff44882f8704992d7b7,
        type: 3}
      propertyPath: m_RootOrder
      value: 8
      objectReference: {fileID: 0}
    - target: {fileID: 6515555609406701680, guid: 9c30faf92070bff44882f8704992d7b7,
        type: 3}
      propertyPath: m_LocalEulerAnglesHint.x
      value: 90
      objectReference: {fileID: 0}
    - target: {fileID: 6515555609406701680, guid: 9c30faf92070bff44882f8704992d7b7,
        type: 3}
      propertyPath: m_LocalEulerAnglesHint.y
      value: 270
      objectReference: {fileID: 0}
    - target: {fileID: 6515555609406701680, guid: 9c30faf92070bff44882f8704992d7b7,
        type: 3}
      propertyPath: m_LocalEulerAnglesHint.z
      value: -45
      objectReference: {fileID: 0}
    - target: {fileID: 6515555609406701680, guid: 9c30faf92070bff44882f8704992d7b7,
        type: 3}
      propertyPath: m_LocalScale.x
      value: 1
      objectReference: {fileID: 0}
    - target: {fileID: 6515555609406701680, guid: 9c30faf92070bff44882f8704992d7b7,
        type: 3}
      propertyPath: m_LocalScale.y
      value: 1
      objectReference: {fileID: 0}
    - target: {fileID: 6515555609406701680, guid: 9c30faf92070bff44882f8704992d7b7,
        type: 3}
      propertyPath: m_LocalScale.z
      value: 0.46763775
      objectReference: {fileID: 0}
    m_RemovedComponents: []
  m_SourcePrefab: {fileID: 100100000, guid: 9c30faf92070bff44882f8704992d7b7, type: 3}
--- !u!4 &9114070602534142590 stripped
Transform:
  m_CorrespondingSourceObject: {fileID: 6515555609406701680, guid: 9c30faf92070bff44882f8704992d7b7,
    type: 3}
  m_PrefabInstance: {fileID: 2598657949372858894}
  m_PrefabAsset: {fileID: 0}
--- !u!1001 &4091783505060946931
PrefabInstance:
  m_ObjectHideFlags: 0
  serializedVersion: 2
  m_Modification:
    m_TransformParent: {fileID: 8369606378168956663}
    m_Modifications:
    - target: {fileID: 7795940509174428259, guid: 9c30faf92070bff44882f8704992d7b7,
        type: 3}
      propertyPath: m_Name
      value: SlopeV
      objectReference: {fileID: 0}
    - target: {fileID: 6515555609406701680, guid: 9c30faf92070bff44882f8704992d7b7,
        type: 3}
      propertyPath: m_LocalPosition.x
      value: 0.0015788293
      objectReference: {fileID: 0}
    - target: {fileID: 6515555609406701680, guid: 9c30faf92070bff44882f8704992d7b7,
        type: 3}
      propertyPath: m_LocalPosition.y
      value: 0.0015793495
      objectReference: {fileID: 0}
    - target: {fileID: 6515555609406701680, guid: 9c30faf92070bff44882f8704992d7b7,
        type: 3}
      propertyPath: m_LocalPosition.z
      value: 2.1266022
      objectReference: {fileID: 0}
    - target: {fileID: 6515555609406701680, guid: 9c30faf92070bff44882f8704992d7b7,
        type: 3}
      propertyPath: m_LocalRotation.x
      value: -0
      objectReference: {fileID: 0}
    - target: {fileID: 6515555609406701680, guid: 9c30faf92070bff44882f8704992d7b7,
        type: 3}
      propertyPath: m_LocalRotation.y
      value: -0
      objectReference: {fileID: 0}
    - target: {fileID: 6515555609406701680, guid: 9c30faf92070bff44882f8704992d7b7,
        type: 3}
      propertyPath: m_LocalRotation.z
      value: -0
      objectReference: {fileID: 0}
    - target: {fileID: 6515555609406701680, guid: 9c30faf92070bff44882f8704992d7b7,
        type: 3}
      propertyPath: m_LocalRotation.w
      value: 1
      objectReference: {fileID: 0}
    - target: {fileID: 6515555609406701680, guid: 9c30faf92070bff44882f8704992d7b7,
        type: 3}
      propertyPath: m_RootOrder
      value: 1
      objectReference: {fileID: 0}
    - target: {fileID: 6515555609406701680, guid: 9c30faf92070bff44882f8704992d7b7,
        type: 3}
      propertyPath: m_LocalEulerAnglesHint.x
      value: 90
      objectReference: {fileID: 0}
    - target: {fileID: 6515555609406701680, guid: 9c30faf92070bff44882f8704992d7b7,
        type: 3}
      propertyPath: m_LocalEulerAnglesHint.y
      value: 270
      objectReference: {fileID: 0}
    - target: {fileID: 6515555609406701680, guid: 9c30faf92070bff44882f8704992d7b7,
        type: 3}
      propertyPath: m_LocalEulerAnglesHint.z
      value: -45
      objectReference: {fileID: 0}
    - target: {fileID: 6515555609406701680, guid: 9c30faf92070bff44882f8704992d7b7,
        type: 3}
      propertyPath: m_LocalScale.x
      value: 1
      objectReference: {fileID: 0}
    - target: {fileID: 6515555609406701680, guid: 9c30faf92070bff44882f8704992d7b7,
        type: 3}
      propertyPath: m_LocalScale.y
      value: 1
      objectReference: {fileID: 0}
    - target: {fileID: 6515555609406701680, guid: 9c30faf92070bff44882f8704992d7b7,
        type: 3}
      propertyPath: m_LocalScale.z
      value: 1
      objectReference: {fileID: 0}
    m_RemovedComponents: []
  m_SourcePrefab: {fileID: 100100000, guid: 9c30faf92070bff44882f8704992d7b7, type: 3}
--- !u!4 &7107533593538749315 stripped
Transform:
  m_CorrespondingSourceObject: {fileID: 6515555609406701680, guid: 9c30faf92070bff44882f8704992d7b7,
    type: 3}
  m_PrefabInstance: {fileID: 4091783505060946931}
  m_PrefabAsset: {fileID: 0}
--- !u!1001 &4893642657322869779
PrefabInstance:
  m_ObjectHideFlags: 0
  serializedVersion: 2
  m_Modification:
    m_TransformParent: {fileID: 8369606378168956663}
    m_Modifications:
    - target: {fileID: 7795940509174428259, guid: 9c30faf92070bff44882f8704992d7b7,
        type: 3}
      propertyPath: m_Name
      value: SlopeV (3)
      objectReference: {fileID: 0}
    - target: {fileID: 6515555609406701680, guid: 9c30faf92070bff44882f8704992d7b7,
        type: 3}
      propertyPath: m_LocalPosition.x
      value: 0
      objectReference: {fileID: 0}
    - target: {fileID: 6515555609406701680, guid: 9c30faf92070bff44882f8704992d7b7,
        type: 3}
      propertyPath: m_LocalPosition.y
      value: 0
      objectReference: {fileID: 0}
    - target: {fileID: 6515555609406701680, guid: 9c30faf92070bff44882f8704992d7b7,
        type: 3}
      propertyPath: m_LocalPosition.z
      value: -2.9126222
      objectReference: {fileID: 0}
    - target: {fileID: 6515555609406701680, guid: 9c30faf92070bff44882f8704992d7b7,
        type: 3}
      propertyPath: m_LocalRotation.x
      value: -0
      objectReference: {fileID: 0}
    - target: {fileID: 6515555609406701680, guid: 9c30faf92070bff44882f8704992d7b7,
        type: 3}
      propertyPath: m_LocalRotation.y
      value: -0
      objectReference: {fileID: 0}
    - target: {fileID: 6515555609406701680, guid: 9c30faf92070bff44882f8704992d7b7,
        type: 3}
      propertyPath: m_LocalRotation.z
      value: -0
      objectReference: {fileID: 0}
    - target: {fileID: 6515555609406701680, guid: 9c30faf92070bff44882f8704992d7b7,
        type: 3}
      propertyPath: m_LocalRotation.w
      value: 1
      objectReference: {fileID: 0}
    - target: {fileID: 6515555609406701680, guid: 9c30faf92070bff44882f8704992d7b7,
        type: 3}
      propertyPath: m_RootOrder
      value: 3
      objectReference: {fileID: 0}
    - target: {fileID: 6515555609406701680, guid: 9c30faf92070bff44882f8704992d7b7,
        type: 3}
      propertyPath: m_LocalEulerAnglesHint.x
      value: 90
      objectReference: {fileID: 0}
    - target: {fileID: 6515555609406701680, guid: 9c30faf92070bff44882f8704992d7b7,
        type: 3}
      propertyPath: m_LocalEulerAnglesHint.y
      value: 270
      objectReference: {fileID: 0}
    - target: {fileID: 6515555609406701680, guid: 9c30faf92070bff44882f8704992d7b7,
        type: 3}
      propertyPath: m_LocalEulerAnglesHint.z
      value: -45
      objectReference: {fileID: 0}
    - target: {fileID: 6515555609406701680, guid: 9c30faf92070bff44882f8704992d7b7,
        type: 3}
      propertyPath: m_LocalScale.x
      value: 1
      objectReference: {fileID: 0}
    - target: {fileID: 6515555609406701680, guid: 9c30faf92070bff44882f8704992d7b7,
        type: 3}
      propertyPath: m_LocalScale.y
      value: 1
      objectReference: {fileID: 0}
    - target: {fileID: 6515555609406701680, guid: 9c30faf92070bff44882f8704992d7b7,
        type: 3}
      propertyPath: m_LocalScale.z
      value: 1
      objectReference: {fileID: 0}
    m_RemovedComponents: []
  m_SourcePrefab: {fileID: 100100000, guid: 9c30faf92070bff44882f8704992d7b7, type: 3}
--- !u!4 &1838121070604854371 stripped
Transform:
  m_CorrespondingSourceObject: {fileID: 6515555609406701680, guid: 9c30faf92070bff44882f8704992d7b7,
    type: 3}
  m_PrefabInstance: {fileID: 4893642657322869779}
  m_PrefabAsset: {fileID: 0}
--- !u!1001 &5153268544486466405
PrefabInstance:
  m_ObjectHideFlags: 0
  serializedVersion: 2
  m_Modification:
    m_TransformParent: {fileID: 8369606378168956663}
    m_Modifications:
    - target: {fileID: 7795940509174428259, guid: 9c30faf92070bff44882f8704992d7b7,
        type: 3}
      propertyPath: m_Name
      value: SlopeV (6)
      objectReference: {fileID: 0}
    - target: {fileID: 6515555609406701680, guid: 9c30faf92070bff44882f8704992d7b7,
        type: 3}
      propertyPath: m_LocalPosition.x
      value: 0
      objectReference: {fileID: 0}
    - target: {fileID: 6515555609406701680, guid: 9c30faf92070bff44882f8704992d7b7,
        type: 3}
      propertyPath: m_LocalPosition.y
      value: 0
      objectReference: {fileID: 0}
    - target: {fileID: 6515555609406701680, guid: 9c30faf92070bff44882f8704992d7b7,
        type: 3}
      propertyPath: m_LocalPosition.z
      value: -9.721684
      objectReference: {fileID: 0}
    - target: {fileID: 6515555609406701680, guid: 9c30faf92070bff44882f8704992d7b7,
        type: 3}
      propertyPath: m_LocalRotation.x
      value: -0
      objectReference: {fileID: 0}
    - target: {fileID: 6515555609406701680, guid: 9c30faf92070bff44882f8704992d7b7,
        type: 3}
      propertyPath: m_LocalRotation.y
      value: -0
      objectReference: {fileID: 0}
    - target: {fileID: 6515555609406701680, guid: 9c30faf92070bff44882f8704992d7b7,
        type: 3}
      propertyPath: m_LocalRotation.z
      value: -0
      objectReference: {fileID: 0}
    - target: {fileID: 6515555609406701680, guid: 9c30faf92070bff44882f8704992d7b7,
        type: 3}
      propertyPath: m_LocalRotation.w
      value: 1
      objectReference: {fileID: 0}
    - target: {fileID: 6515555609406701680, guid: 9c30faf92070bff44882f8704992d7b7,
        type: 3}
      propertyPath: m_RootOrder
      value: 6
      objectReference: {fileID: 0}
    - target: {fileID: 6515555609406701680, guid: 9c30faf92070bff44882f8704992d7b7,
        type: 3}
      propertyPath: m_LocalEulerAnglesHint.x
      value: 90
      objectReference: {fileID: 0}
    - target: {fileID: 6515555609406701680, guid: 9c30faf92070bff44882f8704992d7b7,
        type: 3}
      propertyPath: m_LocalEulerAnglesHint.y
      value: 270
      objectReference: {fileID: 0}
    - target: {fileID: 6515555609406701680, guid: 9c30faf92070bff44882f8704992d7b7,
        type: 3}
      propertyPath: m_LocalEulerAnglesHint.z
      value: -45
      objectReference: {fileID: 0}
    - target: {fileID: 6515555609406701680, guid: 9c30faf92070bff44882f8704992d7b7,
        type: 3}
      propertyPath: m_LocalScale.x
      value: 1
      objectReference: {fileID: 0}
    - target: {fileID: 6515555609406701680, guid: 9c30faf92070bff44882f8704992d7b7,
        type: 3}
      propertyPath: m_LocalScale.y
      value: 1
      objectReference: {fileID: 0}
    - target: {fileID: 6515555609406701680, guid: 9c30faf92070bff44882f8704992d7b7,
        type: 3}
      propertyPath: m_LocalScale.z
      value: 1
      objectReference: {fileID: 0}
    m_RemovedComponents: []
  m_SourcePrefab: {fileID: 100100000, guid: 9c30faf92070bff44882f8704992d7b7, type: 3}
--- !u!4 &2157207996981240597 stripped
Transform:
  m_CorrespondingSourceObject: {fileID: 6515555609406701680, guid: 9c30faf92070bff44882f8704992d7b7,
    type: 3}
  m_PrefabInstance: {fileID: 5153268544486466405}
  m_PrefabAsset: {fileID: 0}
--- !u!1001 &5829587949612996584
PrefabInstance:
  m_ObjectHideFlags: 0
  serializedVersion: 2
  m_Modification:
    m_TransformParent: {fileID: 8369606378168956663}
    m_Modifications:
    - target: {fileID: 7795940509174428259, guid: 9c30faf92070bff44882f8704992d7b7,
        type: 3}
      propertyPath: m_Name
      value: SlopeV (2)
      objectReference: {fileID: 0}
    - target: {fileID: 6515555609406701680, guid: 9c30faf92070bff44882f8704992d7b7,
        type: 3}
      propertyPath: m_LocalPosition.x
      value: 0
      objectReference: {fileID: 0}
    - target: {fileID: 6515555609406701680, guid: 9c30faf92070bff44882f8704992d7b7,
        type: 3}
      propertyPath: m_LocalPosition.y
      value: 0
      objectReference: {fileID: 0}
    - target: {fileID: 6515555609406701680, guid: 9c30faf92070bff44882f8704992d7b7,
        type: 3}
      propertyPath: m_LocalPosition.z
      value: -1.4563112
      objectReference: {fileID: 0}
    - target: {fileID: 6515555609406701680, guid: 9c30faf92070bff44882f8704992d7b7,
        type: 3}
      propertyPath: m_LocalRotation.x
      value: -0
      objectReference: {fileID: 0}
    - target: {fileID: 6515555609406701680, guid: 9c30faf92070bff44882f8704992d7b7,
        type: 3}
      propertyPath: m_LocalRotation.y
      value: -0
      objectReference: {fileID: 0}
    - target: {fileID: 6515555609406701680, guid: 9c30faf92070bff44882f8704992d7b7,
        type: 3}
      propertyPath: m_LocalRotation.z
      value: -0
      objectReference: {fileID: 0}
    - target: {fileID: 6515555609406701680, guid: 9c30faf92070bff44882f8704992d7b7,
        type: 3}
      propertyPath: m_LocalRotation.w
      value: 1
      objectReference: {fileID: 0}
    - target: {fileID: 6515555609406701680, guid: 9c30faf92070bff44882f8704992d7b7,
        type: 3}
      propertyPath: m_RootOrder
      value: 2
      objectReference: {fileID: 0}
    - target: {fileID: 6515555609406701680, guid: 9c30faf92070bff44882f8704992d7b7,
        type: 3}
      propertyPath: m_LocalEulerAnglesHint.x
      value: 90
      objectReference: {fileID: 0}
    - target: {fileID: 6515555609406701680, guid: 9c30faf92070bff44882f8704992d7b7,
        type: 3}
      propertyPath: m_LocalEulerAnglesHint.y
      value: 270
      objectReference: {fileID: 0}
    - target: {fileID: 6515555609406701680, guid: 9c30faf92070bff44882f8704992d7b7,
        type: 3}
      propertyPath: m_LocalEulerAnglesHint.z
      value: -45
      objectReference: {fileID: 0}
    - target: {fileID: 6515555609406701680, guid: 9c30faf92070bff44882f8704992d7b7,
        type: 3}
      propertyPath: m_LocalScale.x
      value: 1
      objectReference: {fileID: 0}
    - target: {fileID: 6515555609406701680, guid: 9c30faf92070bff44882f8704992d7b7,
        type: 3}
      propertyPath: m_LocalScale.y
      value: 1
      objectReference: {fileID: 0}
    - target: {fileID: 6515555609406701680, guid: 9c30faf92070bff44882f8704992d7b7,
        type: 3}
      propertyPath: m_LocalScale.z
      value: 0.46763775
      objectReference: {fileID: 0}
    m_RemovedComponents: []
  m_SourcePrefab: {fileID: 100100000, guid: 9c30faf92070bff44882f8704992d7b7, type: 3}
--- !u!4 &760329972038047640 stripped
Transform:
  m_CorrespondingSourceObject: {fileID: 6515555609406701680, guid: 9c30faf92070bff44882f8704992d7b7,
    type: 3}
  m_PrefabInstance: {fileID: 5829587949612996584}
  m_PrefabAsset: {fileID: 0}
--- !u!1001 &5888322026601673638
PrefabInstance:
  m_ObjectHideFlags: 0
  serializedVersion: 2
  m_Modification:
    m_TransformParent: {fileID: 8369606378168956663}
    m_Modifications:
    - target: {fileID: 7795940509174428259, guid: 9c30faf92070bff44882f8704992d7b7,
        type: 3}
      propertyPath: m_Name
      value: SlopeV (4)
      objectReference: {fileID: 0}
    - target: {fileID: 6515555609406701680, guid: 9c30faf92070bff44882f8704992d7b7,
        type: 3}
      propertyPath: m_LocalPosition.x
      value: 0
      objectReference: {fileID: 0}
    - target: {fileID: 6515555609406701680, guid: 9c30faf92070bff44882f8704992d7b7,
        type: 3}
      propertyPath: m_LocalPosition.y
      value: 0
      objectReference: {fileID: 0}
    - target: {fileID: 6515555609406701680, guid: 9c30faf92070bff44882f8704992d7b7,
        type: 3}
      propertyPath: m_LocalPosition.z
      value: -4.88026
      objectReference: {fileID: 0}
    - target: {fileID: 6515555609406701680, guid: 9c30faf92070bff44882f8704992d7b7,
        type: 3}
      propertyPath: m_LocalRotation.x
      value: -0
      objectReference: {fileID: 0}
    - target: {fileID: 6515555609406701680, guid: 9c30faf92070bff44882f8704992d7b7,
        type: 3}
      propertyPath: m_LocalRotation.y
      value: -0
      objectReference: {fileID: 0}
    - target: {fileID: 6515555609406701680, guid: 9c30faf92070bff44882f8704992d7b7,
        type: 3}
      propertyPath: m_LocalRotation.z
      value: -0
      objectReference: {fileID: 0}
    - target: {fileID: 6515555609406701680, guid: 9c30faf92070bff44882f8704992d7b7,
        type: 3}
      propertyPath: m_LocalRotation.w
      value: 1
      objectReference: {fileID: 0}
    - target: {fileID: 6515555609406701680, guid: 9c30faf92070bff44882f8704992d7b7,
        type: 3}
      propertyPath: m_RootOrder
      value: 4
      objectReference: {fileID: 0}
    - target: {fileID: 6515555609406701680, guid: 9c30faf92070bff44882f8704992d7b7,
        type: 3}
      propertyPath: m_LocalEulerAnglesHint.x
      value: 90
      objectReference: {fileID: 0}
    - target: {fileID: 6515555609406701680, guid: 9c30faf92070bff44882f8704992d7b7,
        type: 3}
      propertyPath: m_LocalEulerAnglesHint.y
      value: 270
      objectReference: {fileID: 0}
    - target: {fileID: 6515555609406701680, guid: 9c30faf92070bff44882f8704992d7b7,
        type: 3}
      propertyPath: m_LocalEulerAnglesHint.z
      value: -45
      objectReference: {fileID: 0}
    - target: {fileID: 6515555609406701680, guid: 9c30faf92070bff44882f8704992d7b7,
        type: 3}
      propertyPath: m_LocalScale.x
      value: 1
      objectReference: {fileID: 0}
    - target: {fileID: 6515555609406701680, guid: 9c30faf92070bff44882f8704992d7b7,
        type: 3}
      propertyPath: m_LocalScale.y
      value: 1
      objectReference: {fileID: 0}
    - target: {fileID: 6515555609406701680, guid: 9c30faf92070bff44882f8704992d7b7,
        type: 3}
      propertyPath: m_LocalScale.z
      value: 1
      objectReference: {fileID: 0}
    m_RemovedComponents: []
  m_SourcePrefab: {fileID: 100100000, guid: 9c30faf92070bff44882f8704992d7b7, type: 3}
--- !u!4 &854666748644750294 stripped
Transform:
  m_CorrespondingSourceObject: {fileID: 6515555609406701680, guid: 9c30faf92070bff44882f8704992d7b7,
    type: 3}
  m_PrefabInstance: {fileID: 5888322026601673638}
  m_PrefabAsset: {fileID: 0}
--- !u!1001 &8098628125475435644
PrefabInstance:
  m_ObjectHideFlags: 0
  serializedVersion: 2
  m_Modification:
    m_TransformParent: {fileID: 8369606378168956663}
    m_Modifications:
    - target: {fileID: 7795940509174428259, guid: 9c30faf92070bff44882f8704992d7b7,
        type: 3}
      propertyPath: m_Name
      value: SlopeV (5)
      objectReference: {fileID: 0}
    - target: {fileID: 6515555609406701680, guid: 9c30faf92070bff44882f8704992d7b7,
        type: 3}
      propertyPath: m_LocalPosition.x
      value: 0
      objectReference: {fileID: 0}
    - target: {fileID: 6515555609406701680, guid: 9c30faf92070bff44882f8704992d7b7,
        type: 3}
      propertyPath: m_LocalPosition.y
      value: 0
      objectReference: {fileID: 0}
    - target: {fileID: 6515555609406701680, guid: 9c30faf92070bff44882f8704992d7b7,
        type: 3}
      propertyPath: m_LocalPosition.z
      value: -7.766992
      objectReference: {fileID: 0}
    - target: {fileID: 6515555609406701680, guid: 9c30faf92070bff44882f8704992d7b7,
        type: 3}
      propertyPath: m_LocalRotation.x
      value: -0
      objectReference: {fileID: 0}
    - target: {fileID: 6515555609406701680, guid: 9c30faf92070bff44882f8704992d7b7,
        type: 3}
      propertyPath: m_LocalRotation.y
      value: -0
      objectReference: {fileID: 0}
    - target: {fileID: 6515555609406701680, guid: 9c30faf92070bff44882f8704992d7b7,
        type: 3}
      propertyPath: m_LocalRotation.z
      value: -0
      objectReference: {fileID: 0}
    - target: {fileID: 6515555609406701680, guid: 9c30faf92070bff44882f8704992d7b7,
        type: 3}
      propertyPath: m_LocalRotation.w
      value: 1
      objectReference: {fileID: 0}
    - target: {fileID: 6515555609406701680, guid: 9c30faf92070bff44882f8704992d7b7,
        type: 3}
      propertyPath: m_RootOrder
      value: 5
      objectReference: {fileID: 0}
    - target: {fileID: 6515555609406701680, guid: 9c30faf92070bff44882f8704992d7b7,
        type: 3}
      propertyPath: m_LocalEulerAnglesHint.x
      value: 90
      objectReference: {fileID: 0}
    - target: {fileID: 6515555609406701680, guid: 9c30faf92070bff44882f8704992d7b7,
        type: 3}
      propertyPath: m_LocalEulerAnglesHint.y
      value: 270
      objectReference: {fileID: 0}
    - target: {fileID: 6515555609406701680, guid: 9c30faf92070bff44882f8704992d7b7,
        type: 3}
      propertyPath: m_LocalEulerAnglesHint.z
      value: -45
      objectReference: {fileID: 0}
    - target: {fileID: 6515555609406701680, guid: 9c30faf92070bff44882f8704992d7b7,
        type: 3}
      propertyPath: m_LocalScale.x
      value: 1
      objectReference: {fileID: 0}
    - target: {fileID: 6515555609406701680, guid: 9c30faf92070bff44882f8704992d7b7,
        type: 3}
      propertyPath: m_LocalScale.y
      value: 1
      objectReference: {fileID: 0}
    - target: {fileID: 6515555609406701680, guid: 9c30faf92070bff44882f8704992d7b7,
        type: 3}
      propertyPath: m_LocalScale.z
      value: 1
      objectReference: {fileID: 0}
    m_RemovedComponents: []
  m_SourcePrefab: {fileID: 100100000, guid: 9c30faf92070bff44882f8704992d7b7, type: 3}
--- !u!4 &3030918225900532748 stripped
Transform:
  m_CorrespondingSourceObject: {fileID: 6515555609406701680, guid: 9c30faf92070bff44882f8704992d7b7,
    type: 3}
  m_PrefabInstance: {fileID: 8098628125475435644}
  m_PrefabAsset: {fileID: 0}
--- !u!1001 &8223918785841651772
PrefabInstance:
  m_ObjectHideFlags: 0
  serializedVersion: 2
  m_Modification:
    m_TransformParent: {fileID: 8369606378168956663}
    m_Modifications:
    - target: {fileID: 7795940509174428259, guid: 9c30faf92070bff44882f8704992d7b7,
        type: 3}
      propertyPath: m_Name
      value: SlopeV (7)
      objectReference: {fileID: 0}
    - target: {fileID: 6515555609406701680, guid: 9c30faf92070bff44882f8704992d7b7,
        type: 3}
      propertyPath: m_LocalPosition.x
      value: 0
      objectReference: {fileID: 0}
    - target: {fileID: 6515555609406701680, guid: 9c30faf92070bff44882f8704992d7b7,
        type: 3}
      propertyPath: m_LocalPosition.y
      value: 0
      objectReference: {fileID: 0}
    - target: {fileID: 6515555609406701680, guid: 9c30faf92070bff44882f8704992d7b7,
        type: 3}
      propertyPath: m_LocalPosition.z
      value: -11.83819
      objectReference: {fileID: 0}
    - target: {fileID: 6515555609406701680, guid: 9c30faf92070bff44882f8704992d7b7,
        type: 3}
      propertyPath: m_LocalRotation.x
      value: -0
      objectReference: {fileID: 0}
    - target: {fileID: 6515555609406701680, guid: 9c30faf92070bff44882f8704992d7b7,
        type: 3}
      propertyPath: m_LocalRotation.y
      value: -0
      objectReference: {fileID: 0}
    - target: {fileID: 6515555609406701680, guid: 9c30faf92070bff44882f8704992d7b7,
        type: 3}
      propertyPath: m_LocalRotation.z
      value: -0
      objectReference: {fileID: 0}
    - target: {fileID: 6515555609406701680, guid: 9c30faf92070bff44882f8704992d7b7,
        type: 3}
      propertyPath: m_LocalRotation.w
      value: 1
      objectReference: {fileID: 0}
    - target: {fileID: 6515555609406701680, guid: 9c30faf92070bff44882f8704992d7b7,
        type: 3}
      propertyPath: m_RootOrder
      value: 7
      objectReference: {fileID: 0}
    - target: {fileID: 6515555609406701680, guid: 9c30faf92070bff44882f8704992d7b7,
        type: 3}
      propertyPath: m_LocalEulerAnglesHint.x
      value: 90
      objectReference: {fileID: 0}
    - target: {fileID: 6515555609406701680, guid: 9c30faf92070bff44882f8704992d7b7,
        type: 3}
      propertyPath: m_LocalEulerAnglesHint.y
      value: 270
      objectReference: {fileID: 0}
    - target: {fileID: 6515555609406701680, guid: 9c30faf92070bff44882f8704992d7b7,
        type: 3}
      propertyPath: m_LocalEulerAnglesHint.z
      value: -45
      objectReference: {fileID: 0}
    - target: {fileID: 6515555609406701680, guid: 9c30faf92070bff44882f8704992d7b7,
        type: 3}
      propertyPath: m_LocalScale.x
      value: 1
      objectReference: {fileID: 0}
    - target: {fileID: 6515555609406701680, guid: 9c30faf92070bff44882f8704992d7b7,
        type: 3}
      propertyPath: m_LocalScale.y
      value: 1
      objectReference: {fileID: 0}
    - target: {fileID: 6515555609406701680, guid: 9c30faf92070bff44882f8704992d7b7,
        type: 3}
      propertyPath: m_LocalScale.z
      value: 1
      objectReference: {fileID: 0}
    m_RemovedComponents: []
  m_SourcePrefab: {fileID: 100100000, guid: 9c30faf92070bff44882f8704992d7b7, type: 3}
--- !u!4 &2903376855601864780 stripped
Transform:
  m_CorrespondingSourceObject: {fileID: 6515555609406701680, guid: 9c30faf92070bff44882f8704992d7b7,
    type: 3}
  m_PrefabInstance: {fileID: 8223918785841651772}
  m_PrefabAsset: {fileID: 0}
