%YAML 1.1
%TAG !u! tag:unity3d.com,2011:
--- !u!1 &5079226252157566805
GameObject:
  m_ObjectHideFlags: 0
  m_CorrespondingSourceObject: {fileID: 0}
  m_PrefabInstance: {fileID: 0}
  m_PrefabAsset: {fileID: 0}
  serializedVersion: 6
  m_Component:
  - component: {fileID: 8081235115170483526}
  - component: {fileID: 972027903651444592}
  - component: {fileID: 6791955252978551689}
  m_Layer: 0
  m_Name: parete Navicella
  m_TagString: Untagged
  m_Icon: {fileID: 0}
  m_NavMeshLayer: 0
  m_StaticEditorFlags: 0
  m_IsActive: 1
--- !u!4 &8081235115170483526
Transform:
  m_ObjectHideFlags: 0
  m_CorrespondingSourceObject: {fileID: 0}
  m_PrefabInstance: {fileID: 0}
  m_PrefabAsset: {fileID: 0}
  m_GameObject: {fileID: 5079226252157566805}
  m_LocalRotation: {x: 0.00000005338508, y: 0.7071068, z: -0.7071067, w: -0.000000053385072}
  m_LocalPosition: {x: -28.961624, y: 11.38, z: -16.537964}
  m_LocalScale: {x: 300, y: 450, z: 100}
  m_Children:
  - {fileID: 8081235115665843690}
  - {fileID: 8081235114795176131}
  m_Father: {fileID: 0}
  m_RootOrder: 0
  m_LocalEulerAnglesHint: {x: 0, y: 0, z: 0}
--- !u!33 &972027903651444592
MeshFilter:
  m_ObjectHideFlags: 0
  m_CorrespondingSourceObject: {fileID: 0}
  m_PrefabInstance: {fileID: 0}
  m_PrefabAsset: {fileID: 0}
  m_GameObject: {fileID: 5079226252157566805}
  m_Mesh: {fileID: -8296050076598133101, guid: a3ffd8ba98666a24bade6c2e00246ac2, type: 3}
--- !u!23 &6791955252978551689
MeshRenderer:
  m_ObjectHideFlags: 0
  m_CorrespondingSourceObject: {fileID: 0}
  m_PrefabInstance: {fileID: 0}
  m_PrefabAsset: {fileID: 0}
  m_GameObject: {fileID: 5079226252157566805}
  m_Enabled: 1
  m_CastShadows: 1
  m_ReceiveShadows: 1
  m_DynamicOccludee: 1
  m_MotionVectors: 1
  m_LightProbeUsage: 1
  m_ReflectionProbeUsage: 1
  m_RenderingLayerMask: 1
  m_RendererPriority: 0
  m_Materials:
  - {fileID: 2100000, guid: 464674d905eb83d4282c792c25adfad0, type: 2}
  m_StaticBatchInfo:
    firstSubMesh: 0
    subMeshCount: 0
  m_StaticBatchRoot: {fileID: 0}
  m_ProbeAnchor: {fileID: 0}
  m_LightProbeVolumeOverride: {fileID: 0}
  m_ScaleInLightmap: 1
  m_ReceiveGI: 1
  m_PreserveUVs: 0
  m_IgnoreNormalsForChartDetection: 0
  m_ImportantGI: 0
  m_StitchLightmapSeams: 1
  m_SelectedEditorRenderState: 3
  m_MinimumChartSize: 4
  m_AutoUVMaxDistance: 0.5
  m_AutoUVMaxAngle: 89
  m_LightmapParameters: {fileID: 0}
  m_SortingLayerID: 0
  m_SortingLayer: 0
  m_SortingOrder: 0
--- !u!1001 &3845199196036414425
PrefabInstance:
  m_ObjectHideFlags: 0
  serializedVersion: 2
  m_Modification:
    m_TransformParent: {fileID: 8081235115170483526}
    m_Modifications:
    - target: {fileID: -927199367670048503, guid: 664ddd1735e924548b9661d80f17c447,
        type: 3}
      propertyPath: m_Name
      value: Navicella
      objectReference: {fileID: 0}
    - target: {fileID: -4216859302048453862, guid: 664ddd1735e924548b9661d80f17c447,
        type: 3}
      propertyPath: m_LocalPosition.x
      value: 0
      objectReference: {fileID: 0}
    - target: {fileID: -4216859302048453862, guid: 664ddd1735e924548b9661d80f17c447,
        type: 3}
      propertyPath: m_LocalPosition.y
      value: 0
      objectReference: {fileID: 0}
    - target: {fileID: -4216859302048453862, guid: 664ddd1735e924548b9661d80f17c447,
        type: 3}
      propertyPath: m_LocalPosition.z
      value: 0.0011999988
      objectReference: {fileID: 0}
    - target: {fileID: -4216859302048453862, guid: 664ddd1735e924548b9661d80f17c447,
        type: 3}
      propertyPath: m_LocalRotation.x
      value: -0
      objectReference: {fileID: 0}
    - target: {fileID: -4216859302048453862, guid: 664ddd1735e924548b9661d80f17c447,
        type: 3}
      propertyPath: m_LocalRotation.y
      value: -0
      objectReference: {fileID: 0}
    - target: {fileID: -4216859302048453862, guid: 664ddd1735e924548b9661d80f17c447,
        type: 3}
      propertyPath: m_LocalRotation.z
      value: -3.5527137e-15
      objectReference: {fileID: 0}
    - target: {fileID: -4216859302048453862, guid: 664ddd1735e924548b9661d80f17c447,
        type: 3}
      propertyPath: m_LocalRotation.w
      value: 1
      objectReference: {fileID: 0}
    - target: {fileID: -4216859302048453862, guid: 664ddd1735e924548b9661d80f17c447,
        type: 3}
      propertyPath: m_RootOrder
      value: 1
      objectReference: {fileID: 0}
    - target: {fileID: -4216859302048453862, guid: 664ddd1735e924548b9661d80f17c447,
        type: 3}
      propertyPath: m_LocalEulerAnglesHint.x
      value: 0
      objectReference: {fileID: 0}
    - target: {fileID: -4216859302048453862, guid: 664ddd1735e924548b9661d80f17c447,
        type: 3}
      propertyPath: m_LocalEulerAnglesHint.y
      value: 0
      objectReference: {fileID: 0}
    - target: {fileID: -4216859302048453862, guid: 664ddd1735e924548b9661d80f17c447,
        type: 3}
      propertyPath: m_LocalEulerAnglesHint.z
      value: 0
      objectReference: {fileID: 0}
    - target: {fileID: -4216859302048453862, guid: 664ddd1735e924548b9661d80f17c447,
        type: 3}
      propertyPath: m_LocalScale.x
      value: 1.0214531
      objectReference: {fileID: 0}
    - target: {fileID: -4216859302048453862, guid: 664ddd1735e924548b9661d80f17c447,
        type: 3}
      propertyPath: m_LocalScale.y
      value: 1.0214529
      objectReference: {fileID: 0}
    - target: {fileID: -4216859302048453862, guid: 664ddd1735e924548b9661d80f17c447,
        type: 3}
      propertyPath: m_LocalScale.z
      value: 1.0214529
      objectReference: {fileID: 0}
    - target: {fileID: -1504981713932161579, guid: 664ddd1735e924548b9661d80f17c447,
        type: 3}
      propertyPath: m_Materials.Array.data[0]
      value: 
      objectReference: {fileID: 2100000, guid: 9450b081b899c8c479656d6569b1b8ee, type: 2}
    m_RemovedComponents: []
  m_SourcePrefab: {fileID: 100100000, guid: 664ddd1735e924548b9661d80f17c447, type: 3}
--- !u!4 &8081235114795176131 stripped
Transform:
  m_CorrespondingSourceObject: {fileID: -4216859302048453862, guid: 664ddd1735e924548b9661d80f17c447,
    type: 3}
  m_PrefabInstance: {fileID: 3845199196036414425}
  m_PrefabAsset: {fileID: 0}
--- !u!1001 &3845199196906147568
PrefabInstance:
  m_ObjectHideFlags: 0
  serializedVersion: 2
  m_Modification:
    m_TransformParent: {fileID: 8081235115170483526}
    m_Modifications:
    - target: {fileID: -927199367670048503, guid: 8bfc311d3ee708049bf7d0d39e59e9a6,
        type: 3}
      propertyPath: m_Name
      value: sedile Navicella
      objectReference: {fileID: 0}
    - target: {fileID: -4216859302048453862, guid: 8bfc311d3ee708049bf7d0d39e59e9a6,
        type: 3}
      propertyPath: m_LocalPosition.x
      value: -0.0003720803
      objectReference: {fileID: 0}
    - target: {fileID: -4216859302048453862, guid: 8bfc311d3ee708049bf7d0d39e59e9a6,
        type: 3}
      propertyPath: m_LocalPosition.y
      value: -0.0015732541
      objectReference: {fileID: 0}
    - target: {fileID: -4216859302048453862, guid: 8bfc311d3ee708049bf7d0d39e59e9a6,
        type: 3}
      propertyPath: m_LocalPosition.z
      value: 0.021999994
      objectReference: {fileID: 0}
    - target: {fileID: -4216859302048453862, guid: 8bfc311d3ee708049bf7d0d39e59e9a6,
        type: 3}
      propertyPath: m_LocalRotation.x
      value: -0.000000053385076
      objectReference: {fileID: 0}
    - target: {fileID: -4216859302048453862, guid: 8bfc311d3ee708049bf7d0d39e59e9a6,
        type: 3}
      propertyPath: m_LocalRotation.y
      value: 0.70710665
      objectReference: {fileID: 0}
    - target: {fileID: -4216859302048453862, guid: 8bfc311d3ee708049bf7d0d39e59e9a6,
        type: 3}
      propertyPath: m_LocalRotation.z
      value: 0.7071069
      objectReference: {fileID: 0}
    - target: {fileID: -4216859302048453862, guid: 8bfc311d3ee708049bf7d0d39e59e9a6,
        type: 3}
      propertyPath: m_LocalRotation.w
      value: 0.000000053385076
      objectReference: {fileID: 0}
    - target: {fileID: -4216859302048453862, guid: 8bfc311d3ee708049bf7d0d39e59e9a6,
        type: 3}
      propertyPath: m_RootOrder
      value: 0
      objectReference: {fileID: 0}
    - target: {fileID: -4216859302048453862, guid: 8bfc311d3ee708049bf7d0d39e59e9a6,
        type: 3}
      propertyPath: m_LocalEulerAnglesHint.x
      value: 0
      objectReference: {fileID: 0}
    - target: {fileID: -4216859302048453862, guid: 8bfc311d3ee708049bf7d0d39e59e9a6,
        type: 3}
      propertyPath: m_LocalEulerAnglesHint.y
      value: 0
      objectReference: {fileID: 0}
    - target: {fileID: -4216859302048453862, guid: 8bfc311d3ee708049bf7d0d39e59e9a6,
        type: 3}
      propertyPath: m_LocalEulerAnglesHint.z
      value: 0
      objectReference: {fileID: 0}
    - target: {fileID: -4216859302048453862, guid: 8bfc311d3ee708049bf7d0d39e59e9a6,
        type: 3}
      propertyPath: m_LocalScale.x
      value: 0.3333333
      objectReference: {fileID: 0}
    - target: {fileID: -4216859302048453862, guid: 8bfc311d3ee708049bf7d0d39e59e9a6,
        type: 3}
      propertyPath: m_LocalScale.y
      value: 1
      objectReference: {fileID: 0}
    - target: {fileID: -4216859302048453862, guid: 8bfc311d3ee708049bf7d0d39e59e9a6,
        type: 3}
      propertyPath: m_LocalScale.z
      value: 0.22222216
      objectReference: {fileID: 0}
    - target: {fileID: -1504981713932161579, guid: 8bfc311d3ee708049bf7d0d39e59e9a6,
        type: 3}
      propertyPath: m_Materials.Array.data[0]
      value: 
      objectReference: {fileID: 2100000, guid: 5a5abdcc16b71ba479d75d4275003f33, type: 2}
    m_RemovedComponents: []
  m_SourcePrefab: {fileID: 100100000, guid: 8bfc311d3ee708049bf7d0d39e59e9a6, type: 3}
--- !u!4 &8081235115665843690 stripped
Transform:
  m_CorrespondingSourceObject: {fileID: -4216859302048453862, guid: 8bfc311d3ee708049bf7d0d39e59e9a6,
    type: 3}
  m_PrefabInstance: {fileID: 3845199196906147568}
  m_PrefabAsset: {fileID: 0}
