%YAML 1.1
%TAG !u! tag:unity3d.com,2011:
--- !u!1 &2181364692050882690
GameObject:
  m_ObjectHideFlags: 0
  m_CorrespondingSourceObject: {fileID: 0}
  m_PrefabInstance: {fileID: 0}
  m_PrefabAsset: {fileID: 0}
  serializedVersion: 6
  m_Component:
  - component: {fileID: 2890917858065466001}
  - component: {fileID: 6144489643822577831}
  - component: {fileID: 466427873458619486}
  - component: {fileID: 7882476611944769932}
  - component: {fileID: 7882476611944769933}
  m_Layer: 0
  m_Name: Door+Wall
  m_TagString: Untagged
  m_Icon: {fileID: 0}
  m_NavMeshLayer: 0
  m_StaticEditorFlags: 0
  m_IsActive: 1
--- !u!4 &2890917858065466001
Transform:
  m_ObjectHideFlags: 0
  m_CorrespondingSourceObject: {fileID: 0}
  m_PrefabInstance: {fileID: 0}
  m_PrefabAsset: {fileID: 0}
  m_GameObject: {fileID: 2181364692050882690}
  m_LocalRotation: {x: 0.5, y: 0.5, z: -0.5, w: 0.5}
  m_LocalPosition: {x: 0, y: 3.41, z: 0}
  m_LocalScale: {x: 4.5, y: 0.00000017881393, z: 3}
  m_Children:
  - {fileID: 5281221702660637490}
  m_Father: {fileID: 0}
  m_RootOrder: 0
  m_LocalEulerAnglesHint: {x: 90, y: 180, z: 90}
--- !u!33 &6144489643822577831
MeshFilter:
  m_ObjectHideFlags: 0
  m_CorrespondingSourceObject: {fileID: 0}
  m_PrefabInstance: {fileID: 0}
  m_PrefabAsset: {fileID: 0}
  m_GameObject: {fileID: 2181364692050882690}
  m_Mesh: {fileID: -2376893006054632224, guid: fcea62d6a0433d24e8cd8a0126e61531, type: 3}
--- !u!23 &466427873458619486
MeshRenderer:
  m_ObjectHideFlags: 0
  m_CorrespondingSourceObject: {fileID: 0}
  m_PrefabInstance: {fileID: 0}
  m_PrefabAsset: {fileID: 0}
  m_GameObject: {fileID: 2181364692050882690}
  m_Enabled: 1
  m_CastShadows: 1
  m_ReceiveShadows: 1
  m_DynamicOccludee: 1
  m_MotionVectors: 1
  m_LightProbeUsage: 1
  m_ReflectionProbeUsage: 1
  m_RenderingLayerMask: 1
  m_RendererPriority: 0
  m_Materials:
  - {fileID: 2100000, guid: 18ec40ac88d44624982085bef77aeb39, type: 2}
  m_StaticBatchInfo:
    firstSubMesh: 0
    subMeshCount: 0
  m_StaticBatchRoot: {fileID: 0}
  m_ProbeAnchor: {fileID: 0}
  m_LightProbeVolumeOverride: {fileID: 0}
  m_ScaleInLightmap: 1
  m_ReceiveGI: 1
  m_PreserveUVs: 0
  m_IgnoreNormalsForChartDetection: 0
  m_ImportantGI: 0
  m_StitchLightmapSeams: 1
  m_SelectedEditorRenderState: 3
  m_MinimumChartSize: 4
  m_AutoUVMaxDistance: 0.5
  m_AutoUVMaxAngle: 89
  m_LightmapParameters: {fileID: 0}
  m_SortingLayerID: 0
  m_SortingLayer: 0
  m_SortingOrder: 0
--- !u!54 &7882476611944769932
Rigidbody:
  m_ObjectHideFlags: 0
  m_CorrespondingSourceObject: {fileID: 0}
  m_PrefabInstance: {fileID: 0}
  m_PrefabAsset: {fileID: 0}
  m_GameObject: {fileID: 2181364692050882690}
  serializedVersion: 2
  m_Mass: 1
  m_Drag: 0
  m_AngularDrag: 0.05
  m_UseGravity: 0
  m_IsKinematic: 1
  m_Interpolate: 0
  m_Constraints: 0
  m_CollisionDetection: 0
--- !u!64 &7882476611944769933
MeshCollider:
  m_ObjectHideFlags: 0
  m_CorrespondingSourceObject: {fileID: 0}
  m_PrefabInstance: {fileID: 0}
  m_PrefabAsset: {fileID: 0}
  m_GameObject: {fileID: 2181364692050882690}
  m_Material: {fileID: 0}
  m_IsTrigger: 0
  m_Enabled: 1
  serializedVersion: 3
  m_Convex: 0
  m_CookingOptions: 14
  m_Mesh: {fileID: -2376893006054632224, guid: fcea62d6a0433d24e8cd8a0126e61531, type: 3}
--- !u!1001 &7882476611324969622
PrefabInstance:
  m_ObjectHideFlags: 0
  serializedVersion: 2
  m_Modification:
    m_TransformParent: {fileID: 2890917858065466001}
    m_Modifications:
    - target: {fileID: 1330211465157981111, guid: eb69bd1e1abd3ea48a6f1c25ddc4e983,
        type: 3}
      propertyPath: m_Name
      value: Door
      objectReference: {fileID: 0}
    - target: {fileID: 2607168153573278116, guid: eb69bd1e1abd3ea48a6f1c25ddc4e983,
        type: 3}
      propertyPath: m_LocalPosition.x
      value: 0.05933333
      objectReference: {fileID: 0}
    - target: {fileID: 2607168153573278116, guid: eb69bd1e1abd3ea48a6f1c25ddc4e983,
        type: 3}
      propertyPath: m_LocalPosition.y
      value: 1522708
      objectReference: {fileID: 0}
    - target: {fileID: 2607168153573278116, guid: eb69bd1e1abd3ea48a6f1c25ddc4e983,
        type: 3}
      propertyPath: m_LocalPosition.z
      value: 1.0452001
      objectReference: {fileID: 0}
    - target: {fileID: 2607168153573278116, guid: eb69bd1e1abd3ea48a6f1c25ddc4e983,
        type: 3}
      propertyPath: m_LocalRotation.x
      value: -0.5
      objectReference: {fileID: 0}
    - target: {fileID: 2607168153573278116, guid: eb69bd1e1abd3ea48a6f1c25ddc4e983,
        type: 3}
      propertyPath: m_LocalRotation.y
      value: -0.5
      objectReference: {fileID: 0}
    - target: {fileID: 2607168153573278116, guid: eb69bd1e1abd3ea48a6f1c25ddc4e983,
        type: 3}
      propertyPath: m_LocalRotation.z
      value: 0.5
      objectReference: {fileID: 0}
    - target: {fileID: 2607168153573278116, guid: eb69bd1e1abd3ea48a6f1c25ddc4e983,
        type: 3}
      propertyPath: m_LocalRotation.w
      value: 0.5
      objectReference: {fileID: 0}
    - target: {fileID: 2607168153573278116, guid: eb69bd1e1abd3ea48a6f1c25ddc4e983,
        type: 3}
      propertyPath: m_RootOrder
      value: 0
      objectReference: {fileID: 0}
    - target: {fileID: 2607168153573278116, guid: eb69bd1e1abd3ea48a6f1c25ddc4e983,
        type: 3}
      propertyPath: m_LocalEulerAnglesHint.x
      value: 0
      objectReference: {fileID: 0}
    - target: {fileID: 2607168153573278116, guid: eb69bd1e1abd3ea48a6f1c25ddc4e983,
        type: 3}
      propertyPath: m_LocalEulerAnglesHint.y
      value: 0
      objectReference: {fileID: 0}
    - target: {fileID: 2607168153573278116, guid: eb69bd1e1abd3ea48a6f1c25ddc4e983,
        type: 3}
      propertyPath: m_LocalEulerAnglesHint.z
      value: 0
      objectReference: {fileID: 0}
    - target: {fileID: 2607168153573278116, guid: eb69bd1e1abd3ea48a6f1c25ddc4e983,
        type: 3}
      propertyPath: m_LocalScale.x
      value: 10547836
      objectReference: {fileID: 0}
    - target: {fileID: 2607168153573278116, guid: eb69bd1e1abd3ea48a6f1c25ddc4e983,
        type: 3}
      propertyPath: m_LocalScale.y
      value: 0.6287
      objectReference: {fileID: 0}
    - target: {fileID: 2607168153573278116, guid: eb69bd1e1abd3ea48a6f1c25ddc4e983,
        type: 3}
      propertyPath: m_LocalScale.z
      value: 0.41913337
      objectReference: {fileID: 0}
    m_RemovedComponents: []
  m_SourcePrefab: {fileID: 100100000, guid: eb69bd1e1abd3ea48a6f1c25ddc4e983, type: 3}
--- !u!4 &5281221702660637490 stripped
Transform:
  m_CorrespondingSourceObject: {fileID: 2607168153573278116, guid: eb69bd1e1abd3ea48a6f1c25ddc4e983,
    type: 3}
  m_PrefabInstance: {fileID: 7882476611324969622}
  m_PrefabAsset: {fileID: 0}
