%YAML 1.1
%TAG !u! tag:unity3d.com,2011:
--- !u!29 &1
OcclusionCullingSettings:
  m_ObjectHideFlags: 0
  serializedVersion: 2
  m_OcclusionBakeSettings:
    smallestOccluder: 5
    smallestHole: 0.25
    backfaceThreshold: 100
  m_SceneGUID: 00000000000000000000000000000000
  m_OcclusionCullingData: {fileID: 0}
--- !u!104 &2
RenderSettings:
  m_ObjectHideFlags: 0
  serializedVersion: 9
  m_Fog: 0
  m_FogColor: {r: 0.5, g: 0.5, b: 0.5, a: 1}
  m_FogMode: 3
  m_FogDensity: 0.01
  m_LinearFogStart: 0
  m_LinearFogEnd: 300
  m_AmbientSkyColor: {r: 0.212, g: 0.227, b: 0.259, a: 1}
  m_AmbientEquatorColor: {r: 0.114, g: 0.125, b: 0.133, a: 1}
  m_AmbientGroundColor: {r: 0.047, g: 0.043, b: 0.035, a: 1}
  m_AmbientIntensity: 1
  m_AmbientMode: 0
  m_SubtractiveShadowColor: {r: 0.42, g: 0.478, b: 0.627, a: 1}
  m_SkyboxMaterial: {fileID: 10304, guid: 0000000000000000f000000000000000, type: 0}
  m_HaloStrength: 0.5
  m_FlareStrength: 1
  m_FlareFadeSpeed: 3
  m_HaloTexture: {fileID: 0}
  m_SpotCookie: {fileID: 10001, guid: 0000000000000000e000000000000000, type: 0}
  m_DefaultReflectionMode: 0
  m_DefaultReflectionResolution: 128
  m_ReflectionBounces: 1
  m_ReflectionIntensity: 1
  m_CustomReflection: {fileID: 0}
  m_Sun: {fileID: 0}
  m_IndirectSpecularColor: {r: 0, g: 0, b: 0, a: 1}
  m_UseRadianceAmbientProbe: 0
--- !u!157 &3
LightmapSettings:
  m_ObjectHideFlags: 0
  serializedVersion: 11
  m_GIWorkflowMode: 1
  m_GISettings:
    serializedVersion: 2
    m_BounceScale: 1
    m_IndirectOutputScale: 1
    m_AlbedoBoost: 1
    m_EnvironmentLightingMode: 0
    m_EnableBakedLightmaps: 1
    m_EnableRealtimeLightmaps: 1
  m_LightmapEditorSettings:
    serializedVersion: 12
    m_Resolution: 2
    m_BakeResolution: 40
    m_AtlasSize: 1024
    m_AO: 0
    m_AOMaxDistance: 1
    m_CompAOExponent: 1
    m_CompAOExponentDirect: 0
    m_ExtractAmbientOcclusion: 0
    m_Padding: 2
    m_LightmapParameters: {fileID: 0}
    m_LightmapsBakeMode: 1
    m_TextureCompression: 1
    m_FinalGather: 0
    m_FinalGatherFiltering: 1
    m_FinalGatherRayCount: 256
    m_ReflectionCompression: 2
    m_MixedBakeMode: 2
    m_BakeBackend: 1
    m_PVRSampling: 1
    m_PVRDirectSampleCount: 32
    m_PVRSampleCount: 512
    m_PVRBounces: 2
    m_PVREnvironmentSampleCount: 256
    m_PVREnvironmentReferencePointCount: 2048
    m_PVRFilteringMode: 1
    m_PVRDenoiserTypeDirect: 1
    m_PVRDenoiserTypeIndirect: 1
    m_PVRDenoiserTypeAO: 1
    m_PVRFilterTypeDirect: 0
    m_PVRFilterTypeIndirect: 0
    m_PVRFilterTypeAO: 0
    m_PVREnvironmentMIS: 1
    m_PVRCulling: 1
    m_PVRFilteringGaussRadiusDirect: 1
    m_PVRFilteringGaussRadiusIndirect: 5
    m_PVRFilteringGaussRadiusAO: 2
    m_PVRFilteringAtrousPositionSigmaDirect: 0.5
    m_PVRFilteringAtrousPositionSigmaIndirect: 2
    m_PVRFilteringAtrousPositionSigmaAO: 1
    m_ExportTrainingData: 0
    m_TrainingDataDestination: TrainingData
  m_LightingDataAsset: {fileID: 0}
  m_UseShadowmask: 1
--- !u!196 &4
NavMeshSettings:
  serializedVersion: 2
  m_ObjectHideFlags: 0
  m_BuildSettings:
    serializedVersion: 2
    agentTypeID: 0
    agentRadius: 0.5
    agentHeight: 2
    agentSlope: 45
    agentClimb: 0.4
    ledgeDropHeight: 0
    maxJumpAcrossDistance: 0
    minRegionArea: 2
    manualCellSize: 0
    cellSize: 0.16666667
    manualTileSize: 0
    tileSize: 256
    accuratePlacement: 0
    debug:
      m_Flags: 0
  m_NavMeshData: {fileID: 0}
--- !u!1 &327718775
GameObject:
  m_ObjectHideFlags: 0
  m_CorrespondingSourceObject: {fileID: 0}
  m_PrefabInstance: {fileID: 0}
  m_PrefabAsset: {fileID: 0}
  serializedVersion: 6
  m_Component:
  - component: {fileID: 327718778}
  - component: {fileID: 327718777}
  - component: {fileID: 327718776}
  m_Layer: 0
  m_Name: EventSystem
  m_TagString: Untagged
  m_Icon: {fileID: 0}
  m_NavMeshLayer: 0
  m_StaticEditorFlags: 0
  m_IsActive: 1
--- !u!114 &327718776
MonoBehaviour:
  m_ObjectHideFlags: 0
  m_CorrespondingSourceObject: {fileID: 0}
  m_PrefabInstance: {fileID: 0}
  m_PrefabAsset: {fileID: 0}
  m_GameObject: {fileID: 327718775}
  m_Enabled: 1
  m_EditorHideFlags: 0
  m_Script: {fileID: 11500000, guid: 4f231c4fb786f3946a6b90b886c48677, type: 3}
  m_Name: 
  m_EditorClassIdentifier: 
  m_HorizontalAxis: Horizontal
  m_VerticalAxis: Vertical
  m_SubmitButton: Submit
  m_CancelButton: Cancel
  m_InputActionsPerSecond: 10
  m_RepeatDelay: 0.5
  m_ForceModuleActive: 0
--- !u!114 &327718777
MonoBehaviour:
  m_ObjectHideFlags: 0
  m_CorrespondingSourceObject: {fileID: 0}
  m_PrefabInstance: {fileID: 0}
  m_PrefabAsset: {fileID: 0}
  m_GameObject: {fileID: 327718775}
  m_Enabled: 1
  m_EditorHideFlags: 0
  m_Script: {fileID: 11500000, guid: 76c392e42b5098c458856cdf6ecaaaa1, type: 3}
  m_Name: 
  m_EditorClassIdentifier: 
  m_FirstSelected: {fileID: 0}
  m_sendNavigationEvents: 1
  m_DragThreshold: 10
--- !u!4 &327718778
Transform:
  m_ObjectHideFlags: 0
  m_CorrespondingSourceObject: {fileID: 0}
  m_PrefabInstance: {fileID: 0}
  m_PrefabAsset: {fileID: 0}
  m_GameObject: {fileID: 327718775}
  m_LocalRotation: {x: 0, y: 0, z: 0, w: 1}
  m_LocalPosition: {x: 0, y: 0, z: 0}
  m_LocalScale: {x: 1, y: 1, z: 1}
  m_Children: []
  m_Father: {fileID: 0}
  m_RootOrder: 1
  m_LocalEulerAnglesHint: {x: 0, y: 0, z: 0}
--- !u!1001 &340166004
PrefabInstance:
  m_ObjectHideFlags: 0
  serializedVersion: 2
  m_Modification:
    m_TransformParent: {fileID: 0}
    m_Modifications:
    - target: {fileID: -927199367670048503, guid: a438045029c0565408211a36c19e030d,
        type: 3}
      propertyPath: m_Name
      value: SamRigged
      objectReference: {fileID: 0}
    - target: {fileID: -927199367670048503, guid: a438045029c0565408211a36c19e030d,
        type: 3}
      propertyPath: m_TagString
      value: Player
      objectReference: {fileID: 0}
    - target: {fileID: -4216859302048453862, guid: a438045029c0565408211a36c19e030d,
        type: 3}
      propertyPath: m_LocalPosition.x
      value: -14.27
      objectReference: {fileID: 0}
    - target: {fileID: -4216859302048453862, guid: a438045029c0565408211a36c19e030d,
        type: 3}
      propertyPath: m_LocalPosition.y
      value: 10.9
      objectReference: {fileID: 0}
    - target: {fileID: -4216859302048453862, guid: a438045029c0565408211a36c19e030d,
        type: 3}
      propertyPath: m_LocalPosition.z
      value: 5.55
      objectReference: {fileID: 0}
    - target: {fileID: -4216859302048453862, guid: a438045029c0565408211a36c19e030d,
        type: 3}
      propertyPath: m_LocalRotation.x
      value: -0
      objectReference: {fileID: 0}
    - target: {fileID: -4216859302048453862, guid: a438045029c0565408211a36c19e030d,
        type: 3}
      propertyPath: m_LocalRotation.y
      value: 0.6546972
      objectReference: {fileID: 0}
    - target: {fileID: -4216859302048453862, guid: a438045029c0565408211a36c19e030d,
        type: 3}
      propertyPath: m_LocalRotation.z
      value: -0
      objectReference: {fileID: 0}
    - target: {fileID: -4216859302048453862, guid: a438045029c0565408211a36c19e030d,
        type: 3}
      propertyPath: m_LocalRotation.w
      value: 0.75589126
      objectReference: {fileID: 0}
    - target: {fileID: -4216859302048453862, guid: a438045029c0565408211a36c19e030d,
        type: 3}
      propertyPath: m_RootOrder
      value: 4
      objectReference: {fileID: 0}
    - target: {fileID: -4216859302048453862, guid: a438045029c0565408211a36c19e030d,
        type: 3}
      propertyPath: m_LocalEulerAnglesHint.x
      value: 0
      objectReference: {fileID: 0}
    - target: {fileID: -4216859302048453862, guid: a438045029c0565408211a36c19e030d,
        type: 3}
      propertyPath: m_LocalEulerAnglesHint.y
      value: 81.79301
      objectReference: {fileID: 0}
    - target: {fileID: -4216859302048453862, guid: a438045029c0565408211a36c19e030d,
        type: 3}
      propertyPath: m_LocalEulerAnglesHint.z
      value: 0
      objectReference: {fileID: 0}
    m_RemovedComponents: []
  m_SourcePrefab: {fileID: 100100000, guid: a438045029c0565408211a36c19e030d, type: 3}
--- !u!1 &416307273
GameObject:
  m_ObjectHideFlags: 0
  m_CorrespondingSourceObject: {fileID: 0}
  m_PrefabInstance: {fileID: 0}
  m_PrefabAsset: {fileID: 0}
  serializedVersion: 6
  m_Component:
  - component: {fileID: 416307275}
  - component: {fileID: 416307274}
  m_Layer: 0
  m_Name: Directional Light
  m_TagString: Untagged
  m_Icon: {fileID: 0}
  m_NavMeshLayer: 0
  m_StaticEditorFlags: 0
  m_IsActive: 1
--- !u!108 &416307274
Light:
  m_ObjectHideFlags: 0
  m_CorrespondingSourceObject: {fileID: 0}
  m_PrefabInstance: {fileID: 0}
  m_PrefabAsset: {fileID: 0}
  m_GameObject: {fileID: 416307273}
  m_Enabled: 1
  serializedVersion: 9
  m_Type: 1
  m_Color: {r: 1, g: 1, b: 1, a: 1}
  m_Intensity: 1
  m_Range: 10
  m_SpotAngle: 30
  m_InnerSpotAngle: 21.80208
  m_CookieSize: 10
  m_Shadows:
    m_Type: 0
    m_Resolution: -1
    m_CustomResolution: -1
    m_Strength: 1
    m_Bias: 0.05
    m_NormalBias: 0.4
    m_NearPlane: 0.2
    m_CullingMatrixOverride:
      e00: 1
      e01: 0
      e02: 0
      e03: 0
      e10: 0
      e11: 1
      e12: 0
      e13: 0
      e20: 0
      e21: 0
      e22: 1
      e23: 0
      e30: 0
      e31: 0
      e32: 0
      e33: 1
    m_UseCullingMatrixOverride: 0
  m_Cookie: {fileID: 0}
  m_DrawHalo: 0
  m_Flare: {fileID: 0}
  m_RenderMode: 0
  m_CullingMask:
    serializedVersion: 2
    m_Bits: 4294967295
  m_RenderingLayerMask: 1
  m_Lightmapping: 4
  m_LightShadowCasterMode: 0
  m_AreaSize: {x: 1, y: 1}
  m_BounceIntensity: 1
  m_ColorTemperature: 6570
  m_UseColorTemperature: 0
  m_BoundingSphereOverride: {x: 0, y: 0, z: 0, w: 0}
  m_UseBoundingSphereOverride: 0
  m_ShadowRadius: 0
  m_ShadowAngle: 0
--- !u!4 &416307275
Transform:
  m_ObjectHideFlags: 0
  m_CorrespondingSourceObject: {fileID: 0}
  m_PrefabInstance: {fileID: 0}
  m_PrefabAsset: {fileID: 0}
  m_GameObject: {fileID: 416307273}
  m_LocalRotation: {x: 0.47032726, y: 0.021378411, z: 0.56244045, w: 0.6797029}
  m_LocalPosition: {x: -18.65, y: 15.39, z: 6.104}
  m_LocalScale: {x: 1, y: 1, z: 1}
  m_Children: []
  m_Father: {fileID: 0}
  m_RootOrder: 5
  m_LocalEulerAnglesHint: {x: 37.975002, y: 45.075, z: 95.466}
--- !u!1001 &659708908
PrefabInstance:
  m_ObjectHideFlags: 0
  serializedVersion: 2
  m_Modification:
    m_TransformParent: {fileID: 0}
    m_Modifications:
    - target: {fileID: 8738461917788493751, guid: 8dfefb258b62733dca21e2dfcda2f541,
        type: 3}
      propertyPath: m_Name
      value: CameraInterpolata
      objectReference: {fileID: 0}
    - target: {fileID: 8738461917788493751, guid: 8dfefb258b62733dca21e2dfcda2f541,
        type: 3}
      propertyPath: m_IsActive
      value: 1
      objectReference: {fileID: 0}
    - target: {fileID: 7849822056036409071, guid: 8dfefb258b62733dca21e2dfcda2f541,
        type: 3}
      propertyPath: m_LocalPosition.x
      value: -23.2
      objectReference: {fileID: 0}
    - target: {fileID: 7849822056036409071, guid: 8dfefb258b62733dca21e2dfcda2f541,
        type: 3}
      propertyPath: m_LocalPosition.y
      value: 12.59
      objectReference: {fileID: 0}
    - target: {fileID: 7849822056036409071, guid: 8dfefb258b62733dca21e2dfcda2f541,
        type: 3}
      propertyPath: m_LocalPosition.z
      value: 4.839
      objectReference: {fileID: 0}
    - target: {fileID: 7849822056036409071, guid: 8dfefb258b62733dca21e2dfcda2f541,
        type: 3}
      propertyPath: m_LocalRotation.x
      value: 0.0007404038
      objectReference: {fileID: 0}
    - target: {fileID: 7849822056036409071, guid: 8dfefb258b62733dca21e2dfcda2f541,
        type: 3}
      propertyPath: m_LocalRotation.y
      value: 0.7624628
      objectReference: {fileID: 0}
    - target: {fileID: 7849822056036409071, guid: 8dfefb258b62733dca21e2dfcda2f541,
        type: 3}
      propertyPath: m_LocalRotation.z
      value: -0.043224104
      objectReference: {fileID: 0}
    - target: {fileID: 7849822056036409071, guid: 8dfefb258b62733dca21e2dfcda2f541,
        type: 3}
      propertyPath: m_LocalRotation.w
      value: 0.6455863
      objectReference: {fileID: 0}
    - target: {fileID: 7849822056036409071, guid: 8dfefb258b62733dca21e2dfcda2f541,
        type: 3}
      propertyPath: m_RootOrder
      value: 2
      objectReference: {fileID: 0}
    - target: {fileID: 7849822056036409071, guid: 8dfefb258b62733dca21e2dfcda2f541,
        type: 3}
      propertyPath: m_LocalEulerAnglesHint.x
      value: 3.834
      objectReference: {fileID: 0}
    - target: {fileID: 7849822056036409071, guid: 8dfefb258b62733dca21e2dfcda2f541,
        type: 3}
      propertyPath: m_LocalEulerAnglesHint.y
      value: 99.385
      objectReference: {fileID: 0}
    - target: {fileID: 7849822056036409071, guid: 8dfefb258b62733dca21e2dfcda2f541,
        type: 3}
      propertyPath: m_LocalEulerAnglesHint.z
      value: -3.1420002
      objectReference: {fileID: 0}
    - target: {fileID: 7849822056036409071, guid: 8dfefb258b62733dca21e2dfcda2f541,
        type: 3}
      propertyPath: m_LocalScale.y
      value: 1.0000002
      objectReference: {fileID: 0}
    - target: {fileID: 7849822056036409071, guid: 8dfefb258b62733dca21e2dfcda2f541,
        type: 3}
      propertyPath: m_LocalScale.z
      value: 1.0000002
      objectReference: {fileID: 0}
    - target: {fileID: 6795646591743450551, guid: 8dfefb258b62733dca21e2dfcda2f541,
        type: 3}
      propertyPath: giocatore
      value: 
      objectReference: {fileID: 2047229238}
    - target: {fileID: 6795646591743450551, guid: 8dfefb258b62733dca21e2dfcda2f541,
        type: 3}
      propertyPath: target
      value: 
      objectReference: {fileID: 1201434671}
    m_RemovedComponents: []
  m_SourcePrefab: {fileID: 100100000, guid: 8dfefb258b62733dca21e2dfcda2f541, type: 3}
--- !u!1001 &772530852
PrefabInstance:
  m_ObjectHideFlags: 0
  serializedVersion: 2
  m_Modification:
    m_TransformParent: {fileID: 0}
    m_Modifications:
    - target: {fileID: 1893267143717330745, guid: 86217b7b7eea4b1fea21e68bd420f20c,
        type: 3}
      propertyPath: m_Name
      value: GestoreGravita
      objectReference: {fileID: 0}
    - target: {fileID: 4100930197327765321, guid: 86217b7b7eea4b1fea21e68bd420f20c,
        type: 3}
      propertyPath: m_LocalPosition.x
      value: -8.200001
      objectReference: {fileID: 0}
    - target: {fileID: 4100930197327765321, guid: 86217b7b7eea4b1fea21e68bd420f20c,
        type: 3}
      propertyPath: m_LocalPosition.y
      value: 10.235781
      objectReference: {fileID: 0}
    - target: {fileID: 4100930197327765321, guid: 86217b7b7eea4b1fea21e68bd420f20c,
        type: 3}
      propertyPath: m_LocalPosition.z
      value: 9.6830015
      objectReference: {fileID: 0}
    - target: {fileID: 4100930197327765321, guid: 86217b7b7eea4b1fea21e68bd420f20c,
        type: 3}
      propertyPath: m_LocalRotation.x
      value: -0
      objectReference: {fileID: 0}
    - target: {fileID: 4100930197327765321, guid: 86217b7b7eea4b1fea21e68bd420f20c,
        type: 3}
      propertyPath: m_LocalRotation.y
      value: -0
      objectReference: {fileID: 0}
    - target: {fileID: 4100930197327765321, guid: 86217b7b7eea4b1fea21e68bd420f20c,
        type: 3}
      propertyPath: m_LocalRotation.z
      value: -0
      objectReference: {fileID: 0}
    - target: {fileID: 4100930197327765321, guid: 86217b7b7eea4b1fea21e68bd420f20c,
        type: 3}
      propertyPath: m_LocalRotation.w
      value: 1
      objectReference: {fileID: 0}
    - target: {fileID: 4100930197327765321, guid: 86217b7b7eea4b1fea21e68bd420f20c,
        type: 3}
      propertyPath: m_RootOrder
      value: 0
      objectReference: {fileID: 0}
    - target: {fileID: 4100930197327765321, guid: 86217b7b7eea4b1fea21e68bd420f20c,
        type: 3}
      propertyPath: m_LocalEulerAnglesHint.x
      value: 0
      objectReference: {fileID: 0}
    - target: {fileID: 4100930197327765321, guid: 86217b7b7eea4b1fea21e68bd420f20c,
        type: 3}
      propertyPath: m_LocalEulerAnglesHint.y
      value: 0
      objectReference: {fileID: 0}
    - target: {fileID: 4100930197327765321, guid: 86217b7b7eea4b1fea21e68bd420f20c,
        type: 3}
      propertyPath: m_LocalEulerAnglesHint.z
      value: 0
      objectReference: {fileID: 0}
    - target: {fileID: 4100930197327765321, guid: 86217b7b7eea4b1fea21e68bd420f20c,
        type: 3}
      propertyPath: m_LocalScale.y
      value: 1
      objectReference: {fileID: 0}
    - target: {fileID: 4100930197327765321, guid: 86217b7b7eea4b1fea21e68bd420f20c,
        type: 3}
      propertyPath: m_LocalScale.z
      value: 1
      objectReference: {fileID: 0}
    - target: {fileID: 4100930197327765321, guid: 86217b7b7eea4b1fea21e68bd420f20c,
        type: 3}
      propertyPath: m_LocalScale.x
      value: 1
      objectReference: {fileID: 0}
    m_RemovedComponents: []
  m_SourcePrefab: {fileID: 100100000, guid: 86217b7b7eea4b1fea21e68bd420f20c, type: 3}
--- !u!1 &1191350742
GameObject:
  m_ObjectHideFlags: 0
  m_CorrespondingSourceObject: {fileID: 0}
  m_PrefabInstance: {fileID: 0}
  m_PrefabAsset: {fileID: 0}
  serializedVersion: 6
  m_Component:
  - component: {fileID: 1191350743}
  - component: {fileID: 1191350746}
  - component: {fileID: 1191350745}
  - component: {fileID: 1191350744}
  m_Layer: 0
  m_Name: Cube
  m_TagString: Untagged
  m_Icon: {fileID: 0}
  m_NavMeshLayer: 0
  m_StaticEditorFlags: 0
  m_IsActive: 1
--- !u!4 &1191350743
Transform:
  m_ObjectHideFlags: 0
  m_CorrespondingSourceObject: {fileID: 0}
  m_PrefabInstance: {fileID: 0}
  m_PrefabAsset: {fileID: 0}
  m_GameObject: {fileID: 1191350742}
  m_LocalRotation: {x: -0.0061526885, y: -0.0011994987, z: -0.05488541, w: 0.998473}
  m_LocalPosition: {x: 0.001, y: -0.018, z: -0.445}
  m_LocalScale: {x: 0, y: 0.22081572, z: 0.94426703}
  m_Children: []
  m_Father: {fileID: 2004933364}
  m_RootOrder: 0
  m_LocalEulerAnglesHint: {x: -0.712, y: -0.09900001, z: -6.2920003}
--- !u!65 &1191350744
BoxCollider:
  m_ObjectHideFlags: 0
  m_CorrespondingSourceObject: {fileID: 0}
  m_PrefabInstance: {fileID: 0}
  m_PrefabAsset: {fileID: 0}
  m_GameObject: {fileID: 1191350742}
  m_Material: {fileID: 0}
  m_IsTrigger: 0
  m_Enabled: 1
  serializedVersion: 2
  m_Size: {x: 1, y: 1, z: 1}
  m_Center: {x: 0, y: 0, z: 0}
--- !u!23 &1191350745
MeshRenderer:
  m_ObjectHideFlags: 0
  m_CorrespondingSourceObject: {fileID: 0}
  m_PrefabInstance: {fileID: 0}
  m_PrefabAsset: {fileID: 0}
  m_GameObject: {fileID: 1191350742}
  m_Enabled: 1
  m_CastShadows: 1
  m_ReceiveShadows: 1
  m_DynamicOccludee: 1
  m_MotionVectors: 1
  m_LightProbeUsage: 1
  m_ReflectionProbeUsage: 1
  m_RenderingLayerMask: 1
  m_RendererPriority: 0
  m_Materials:
  - {fileID: 2100000, guid: f6487976bdebb6743b3a0aed07b3fdc1, type: 2}
  m_StaticBatchInfo:
    firstSubMesh: 0
    subMeshCount: 0
  m_StaticBatchRoot: {fileID: 0}
  m_ProbeAnchor: {fileID: 0}
  m_LightProbeVolumeOverride: {fileID: 0}
  m_ScaleInLightmap: 1
  m_ReceiveGI: 1
  m_PreserveUVs: 0
  m_IgnoreNormalsForChartDetection: 0
  m_ImportantGI: 0
  m_StitchLightmapSeams: 1
  m_SelectedEditorRenderState: 3
  m_MinimumChartSize: 4
  m_AutoUVMaxDistance: 0.5
  m_AutoUVMaxAngle: 89
  m_LightmapParameters: {fileID: 0}
  m_SortingLayerID: 0
  m_SortingLayer: 0
  m_SortingOrder: 0
--- !u!33 &1191350746
MeshFilter:
  m_ObjectHideFlags: 0
  m_CorrespondingSourceObject: {fileID: 0}
  m_PrefabInstance: {fileID: 0}
  m_PrefabAsset: {fileID: 0}
  m_GameObject: {fileID: 1191350742}
  m_Mesh: {fileID: 10202, guid: 0000000000000000e000000000000000, type: 0}
--- !u!1 &1201434671
GameObject:
  m_ObjectHideFlags: 0
  m_CorrespondingSourceObject: {fileID: 0}
  m_PrefabInstance: {fileID: 0}
  m_PrefabAsset: {fileID: 0}
  serializedVersion: 6
  m_Component:
  - component: {fileID: 1201434672}
  m_Layer: 0
  m_Name: CameraTarget
  m_TagString: TargetCamera
  m_Icon: {fileID: 0}
  m_NavMeshLayer: 0
  m_StaticEditorFlags: 0
  m_IsActive: 1
--- !u!4 &1201434672
Transform:
  m_ObjectHideFlags: 0
  m_CorrespondingSourceObject: {fileID: 0}
  m_PrefabInstance: {fileID: 0}
  m_PrefabAsset: {fileID: 0}
  m_GameObject: {fileID: 1201434671}
  m_LocalRotation: {x: 0.04595754, y: 0.70561177, z: -0.04595754, w: 0.70561177}
  m_LocalPosition: {x: -0.29, y: 2.2442455, z: -5.85}
  m_LocalScale: {x: 0.4957059, y: 0.49570566, z: 0.49570602}
  m_Children: []
  m_Father: {fileID: 2047229241}
  m_RootOrder: 8
  m_LocalEulerAnglesHint: {x: 7.4530005, y: 0, z: 0}
--- !u!114 &1687338687 stripped
MonoBehaviour:
  m_CorrespondingSourceObject: {fileID: 476454446379770197, guid: 86217b7b7eea4b1fea21e68bd420f20c,
    type: 3}
  m_PrefabInstance: {fileID: 772530852}
  m_PrefabAsset: {fileID: 0}
  m_GameObject: {fileID: 0}
  m_Enabled: 1
  m_EditorHideFlags: 0
  m_Script: {fileID: 11500000, guid: 5ae53633d034a9f829b63ba93669875c, type: 3}
  m_Name: 
  m_EditorClassIdentifier: 
--- !u!1 &1921085961
GameObject:
  m_ObjectHideFlags: 0
  m_CorrespondingSourceObject: {fileID: 0}
  m_PrefabInstance: {fileID: 0}
  m_PrefabAsset: {fileID: 0}
  serializedVersion: 6
  m_Component:
  - component: {fileID: 1921085962}
  - component: {fileID: 1921085965}
  - component: {fileID: 1921085964}
  - component: {fileID: 1921085963}
  m_Layer: 0
  m_Name: Red
  m_TagString: Untagged
  m_Icon: {fileID: 0}
  m_NavMeshLayer: 0
  m_StaticEditorFlags: 0
  m_IsActive: 1
--- !u!4 &1921085962
Transform:
  m_ObjectHideFlags: 0
  m_CorrespondingSourceObject: {fileID: 0}
  m_PrefabInstance: {fileID: 0}
  m_PrefabAsset: {fileID: 0}
  m_GameObject: {fileID: 1921085961}
  m_LocalRotation: {x: 0.584096, y: -0.39059305, z: -0.5289434, w: 0.47590733}
  m_LocalPosition: {x: -0.00084, y: 0.0092, z: 0.01648}
  m_LocalScale: {x: 0, y: 0.003969454, z: 0.016432814}
  m_Children: []
  m_Father: {fileID: 2022755798}
  m_RootOrder: 0
  m_LocalEulerAnglesHint: {x: 8.207001, y: -89.274, z: -104.146}
--- !u!65 &1921085963
BoxCollider:
  m_ObjectHideFlags: 0
  m_CorrespondingSourceObject: {fileID: 0}
  m_PrefabInstance: {fileID: 0}
  m_PrefabAsset: {fileID: 0}
  m_GameObject: {fileID: 1921085961}
  m_Material: {fileID: 0}
  m_IsTrigger: 0
  m_Enabled: 1
  serializedVersion: 2
  m_Size: {x: 1, y: 1, z: 1}
  m_Center: {x: 0, y: 0, z: 0}
--- !u!23 &1921085964
MeshRenderer:
  m_ObjectHideFlags: 0
  m_CorrespondingSourceObject: {fileID: 0}
  m_PrefabInstance: {fileID: 0}
  m_PrefabAsset: {fileID: 0}
  m_GameObject: {fileID: 1921085961}
  m_Enabled: 1
  m_CastShadows: 1
  m_ReceiveShadows: 1
  m_DynamicOccludee: 1
  m_MotionVectors: 1
  m_LightProbeUsage: 1
  m_ReflectionProbeUsage: 1
  m_RenderingLayerMask: 1
  m_RendererPriority: 0
  m_Materials:
  - {fileID: 2100000, guid: eda2c0f5c5f5d5440bc456ae8e5fd297, type: 2}
  m_StaticBatchInfo:
    firstSubMesh: 0
    subMeshCount: 0
  m_StaticBatchRoot: {fileID: 0}
  m_ProbeAnchor: {fileID: 0}
  m_LightProbeVolumeOverride: {fileID: 0}
  m_ScaleInLightmap: 1
  m_ReceiveGI: 1
  m_PreserveUVs: 0
  m_IgnoreNormalsForChartDetection: 0
  m_ImportantGI: 0
  m_StitchLightmapSeams: 1
  m_SelectedEditorRenderState: 3
  m_MinimumChartSize: 4
  m_AutoUVMaxDistance: 0.5
  m_AutoUVMaxAngle: 89
  m_LightmapParameters: {fileID: 0}
  m_SortingLayerID: 0
  m_SortingLayer: 0
  m_SortingOrder: 0
--- !u!33 &1921085965
MeshFilter:
  m_ObjectHideFlags: 0
  m_CorrespondingSourceObject: {fileID: 0}
  m_PrefabInstance: {fileID: 0}
  m_PrefabAsset: {fileID: 0}
  m_GameObject: {fileID: 1921085961}
  m_Mesh: {fileID: 10202, guid: 0000000000000000e000000000000000, type: 0}
--- !u!1 &2004933363
GameObject:
  m_ObjectHideFlags: 0
  m_CorrespondingSourceObject: {fileID: 0}
  m_PrefabInstance: {fileID: 0}
  m_PrefabAsset: {fileID: 0}
  serializedVersion: 6
  m_Component:
  - component: {fileID: 2004933364}
  - component: {fileID: 2004933365}
  m_Layer: 0
  m_Name: Green
  m_TagString: Untagged
  m_Icon: {fileID: 0}
  m_NavMeshLayer: 0
  m_StaticEditorFlags: 0
  m_IsActive: 1
--- !u!4 &2004933364
Transform:
  m_ObjectHideFlags: 0
  m_CorrespondingSourceObject: {fileID: 0}
  m_PrefabInstance: {fileID: 0}
  m_PrefabAsset: {fileID: 0}
  m_GameObject: {fileID: 2004933363}
  m_LocalRotation: {x: 0.53449595, y: -0.4629408, z: -0.46294087, w: 0.53449583}
  m_LocalPosition: {x: -0.008751484, y: 0.008418379, z: 0.016800638}
  m_LocalScale: {x: 0.03795437, y: 0.01745707, z: 0.017883403}
  m_Children:
  - {fileID: 1191350743}
  m_Father: {fileID: 2022755798}
  m_RootOrder: 1
  m_LocalEulerAnglesHint: {x: 0, y: 0, z: 0}
--- !u!114 &2004933365
MonoBehaviour:
  m_ObjectHideFlags: 0
  m_CorrespondingSourceObject: {fileID: 0}
  m_PrefabInstance: {fileID: 0}
  m_PrefabAsset: {fileID: 0}
  m_GameObject: {fileID: 2004933363}
  m_Enabled: 1
  m_EditorHideFlags: 0
  m_Script: {fileID: 11500000, guid: 0fc56b49ddac0604eaaf7978cebd2321, type: 3}
  m_Name: 
  m_EditorClassIdentifier: 
  character: {fileID: 2047229241}
  HBImage: {fileID: 2004933364}
  MaxHealth: 0
  CurrentHealth: 0
  Health: 0
--- !u!4 &2022755798 stripped
Transform:
  m_CorrespondingSourceObject: {fileID: 7145640345249213242, guid: a438045029c0565408211a36c19e030d,
    type: 3}
  m_PrefabInstance: {fileID: 340166004}
  m_PrefabAsset: {fileID: 0}
--- !u!1 &2047229238 stripped
GameObject:
  m_CorrespondingSourceObject: {fileID: -927199367670048503, guid: a438045029c0565408211a36c19e030d,
    type: 3}
  m_PrefabInstance: {fileID: 340166004}
  m_PrefabAsset: {fileID: 0}
--- !u!65 &2047229239
BoxCollider:
  m_ObjectHideFlags: 0
  m_CorrespondingSourceObject: {fileID: 0}
  m_PrefabInstance: {fileID: 0}
  m_PrefabAsset: {fileID: 0}
  m_GameObject: {fileID: 2047229238}
  m_Material: {fileID: 0}
  m_IsTrigger: 0
  m_Enabled: 1
  serializedVersion: 2
  m_Size: {x: 1.7223375, y: 3.3826246, z: 1.5073621}
  m_Center: {x: 0.02642691, y: 1.6966195, z: -0.2238357}
--- !u!4 &2047229241 stripped
Transform:
  m_CorrespondingSourceObject: {fileID: -4216859302048453862, guid: a438045029c0565408211a36c19e030d,
    type: 3}
  m_PrefabInstance: {fileID: 340166004}
  m_PrefabAsset: {fileID: 0}
--- !u!114 &2047229242
MonoBehaviour:
  m_ObjectHideFlags: 0
  m_CorrespondingSourceObject: {fileID: 0}
  m_PrefabInstance: {fileID: 0}
  m_PrefabAsset: {fileID: 0}
  m_GameObject: {fileID: 2047229238}
  m_Enabled: 1
  m_EditorHideFlags: 0
  m_Script: {fileID: 11500000, guid: 625bc041395bea7faa2315272e6dace9, type: 3}
  m_Name: 
  m_EditorClassIdentifier: 
  gestoreGravita: {fileID: 1687338687}
--- !u!54 &2047229243
Rigidbody:
  m_ObjectHideFlags: 0
  m_CorrespondingSourceObject: {fileID: 0}
  m_PrefabInstance: {fileID: 0}
  m_PrefabAsset: {fileID: 0}
  m_GameObject: {fileID: 2047229238}
  serializedVersion: 2
  m_Mass: 0.5
  m_Drag: 3
  m_AngularDrag: 40
  m_UseGravity: 1
  m_IsKinematic: 0
  m_Interpolate: 1
  m_Constraints: 80
  m_CollisionDetection: 0
--- !u!136 &2047229244
CapsuleCollider:
  m_ObjectHideFlags: 0
  m_CorrespondingSourceObject: {fileID: 0}
  m_PrefabInstance: {fileID: 0}
  m_PrefabAsset: {fileID: 0}
  m_GameObject: {fileID: 2047229238}
  m_Material: {fileID: 0}
  m_IsTrigger: 0
  m_Enabled: 1
  m_Radius: 0.82449025
  m_Height: 3.528123
  m_Direction: 1
  m_Center: {x: -2.824041e-10, y: 1.7730479, z: -0.09785211}
--- !u!114 &2047229245
MonoBehaviour:
  m_ObjectHideFlags: 0
  m_CorrespondingSourceObject: {fileID: 0}
  m_PrefabInstance: {fileID: 0}
  m_PrefabAsset: {fileID: 0}
  m_GameObject: {fileID: 2047229238}
  m_Enabled: 1
  m_EditorHideFlags: 0
  m_Script: {fileID: 11500000, guid: ae076d97b8a0cf140b46800d2449e3e5, type: 3}
  m_Name: 
  m_EditorClassIdentifier: 
  healthbar: {fileID: 2004933364}
  Damage: 0
--- !u!1001 &8332595621798524416
PrefabInstance:
  m_ObjectHideFlags: 0
  serializedVersion: 2
  m_Modification:
    m_TransformParent: {fileID: 0}
    m_Modifications:
    - target: {fileID: 8332595621929175811, guid: f5a24b557cd2d5334a65fb79fb4d2aab,
        type: 3}
      propertyPath: m_Name
      value: HealthBar
      objectReference: {fileID: 0}
    - target: {fileID: 8332595621929175812, guid: f5a24b557cd2d5334a65fb79fb4d2aab,
        type: 3}
      propertyPath: m_LocalPosition.x
      value: 0
      objectReference: {fileID: 0}
    - target: {fileID: 8332595621929175812, guid: f5a24b557cd2d5334a65fb79fb4d2aab,
        type: 3}
      propertyPath: m_LocalPosition.y
      value: 0
      objectReference: {fileID: 0}
    - target: {fileID: 8332595621929175812, guid: f5a24b557cd2d5334a65fb79fb4d2aab,
        type: 3}
      propertyPath: m_LocalPosition.z
      value: 10.779697
      objectReference: {fileID: 0}
    - target: {fileID: 8332595621929175812, guid: f5a24b557cd2d5334a65fb79fb4d2aab,
        type: 3}
      propertyPath: m_LocalRotation.x
      value: -0
      objectReference: {fileID: 0}
    - target: {fileID: 8332595621929175812, guid: f5a24b557cd2d5334a65fb79fb4d2aab,
        type: 3}
      propertyPath: m_LocalRotation.y
      value: -0
      objectReference: {fileID: 0}
    - target: {fileID: 8332595621929175812, guid: f5a24b557cd2d5334a65fb79fb4d2aab,
        type: 3}
      propertyPath: m_LocalRotation.z
      value: 0.0000000020318112
      objectReference: {fileID: 0}
    - target: {fileID: 8332595621929175812, guid: f5a24b557cd2d5334a65fb79fb4d2aab,
        type: 3}
      propertyPath: m_LocalRotation.w
      value: 1
      objectReference: {fileID: 0}
    - target: {fileID: 8332595621929175812, guid: f5a24b557cd2d5334a65fb79fb4d2aab,
        type: 3}
      propertyPath: m_RootOrder
      value: 3
      objectReference: {fileID: 0}
    - target: {fileID: 8332595621929175812, guid: f5a24b557cd2d5334a65fb79fb4d2aab,
        type: 3}
      propertyPath: m_LocalEulerAnglesHint.x
      value: 0
      objectReference: {fileID: 0}
    - target: {fileID: 8332595621929175812, guid: f5a24b557cd2d5334a65fb79fb4d2aab,
        type: 3}
      propertyPath: m_LocalEulerAnglesHint.y
      value: 0
      objectReference: {fileID: 0}
    - target: {fileID: 8332595621929175812, guid: f5a24b557cd2d5334a65fb79fb4d2aab,
        type: 3}
      propertyPath: m_LocalEulerAnglesHint.z
      value: 0
      objectReference: {fileID: 0}
    - target: {fileID: 8332595621929175812, guid: f5a24b557cd2d5334a65fb79fb4d2aab,
        type: 3}
      propertyPath: m_AnchoredPosition.x
      value: 2.7769094
      objectReference: {fileID: 0}
    - target: {fileID: 8332595621929175812, guid: f5a24b557cd2d5334a65fb79fb4d2aab,
        type: 3}
      propertyPath: m_AnchoredPosition.y
      value: 73.52003
      objectReference: {fileID: 0}
    - target: {fileID: 8332595621929175812, guid: f5a24b557cd2d5334a65fb79fb4d2aab,
        type: 3}
      propertyPath: m_SizeDelta.x
      value: 5
      objectReference: {fileID: 0}
    - target: {fileID: 8332595621929175812, guid: f5a24b557cd2d5334a65fb79fb4d2aab,
        type: 3}
      propertyPath: m_SizeDelta.y
      value: 2
      objectReference: {fileID: 0}
    - target: {fileID: 8332595621929175812, guid: f5a24b557cd2d5334a65fb79fb4d2aab,
        type: 3}
      propertyPath: m_AnchorMin.x
      value: 0
      objectReference: {fileID: 0}
    - target: {fileID: 8332595621929175812, guid: f5a24b557cd2d5334a65fb79fb4d2aab,
        type: 3}
      propertyPath: m_AnchorMin.y
      value: 0
      objectReference: {fileID: 0}
    - target: {fileID: 8332595621929175812, guid: f5a24b557cd2d5334a65fb79fb4d2aab,
        type: 3}
      propertyPath: m_AnchorMax.x
      value: 0
      objectReference: {fileID: 0}
    - target: {fileID: 8332595621929175812, guid: f5a24b557cd2d5334a65fb79fb4d2aab,
        type: 3}
      propertyPath: m_AnchorMax.y
      value: 0
      objectReference: {fileID: 0}
    - target: {fileID: 8332595621929175812, guid: f5a24b557cd2d5334a65fb79fb4d2aab,
        type: 3}
      propertyPath: m_Pivot.x
      value: 0.5
      objectReference: {fileID: 0}
    - target: {fileID: 8332595621929175812, guid: f5a24b557cd2d5334a65fb79fb4d2aab,
        type: 3}
      propertyPath: m_Pivot.y
      value: 0.5
      objectReference: {fileID: 0}
    m_RemovedComponents: []
  m_SourcePrefab: {fileID: 100100000, guid: f5a24b557cd2d5334a65fb79fb4d2aab, type: 3}
