%YAML 1.1
%TAG !u! tag:unity3d.com,2011:
--- !u!29 &1
OcclusionCullingSettings:
  m_ObjectHideFlags: 0
  serializedVersion: 2
  m_OcclusionBakeSettings:
    smallestOccluder: 5
    smallestHole: 0.25
    backfaceThreshold: 100
  m_SceneGUID: 00000000000000000000000000000000
  m_OcclusionCullingData: {fileID: 0}
--- !u!104 &2
RenderSettings:
  m_ObjectHideFlags: 0
  serializedVersion: 9
  m_Fog: 0
  m_FogColor: {r: 0.5, g: 0.5, b: 0.5, a: 1}
  m_FogMode: 3
  m_FogDensity: 0.01
  m_LinearFogStart: 0
  m_LinearFogEnd: 300
  m_AmbientSkyColor: {r: 0.212, g: 0.227, b: 0.259, a: 1}
  m_AmbientEquatorColor: {r: 0.114, g: 0.125, b: 0.133, a: 1}
  m_AmbientGroundColor: {r: 0.047, g: 0.043, b: 0.035, a: 1}
  m_AmbientIntensity: 1
  m_AmbientMode: 0
  m_SubtractiveShadowColor: {r: 0.42, g: 0.478, b: 0.627, a: 1}
  m_SkyboxMaterial: {fileID: 10304, guid: 0000000000000000f000000000000000, type: 0}
  m_HaloStrength: 0.5
  m_FlareStrength: 1
  m_FlareFadeSpeed: 3
  m_HaloTexture: {fileID: 0}
  m_SpotCookie: {fileID: 10001, guid: 0000000000000000e000000000000000, type: 0}
  m_DefaultReflectionMode: 0
  m_DefaultReflectionResolution: 128
  m_ReflectionBounces: 1
  m_ReflectionIntensity: 1
  m_CustomReflection: {fileID: 0}
  m_Sun: {fileID: 0}
  m_IndirectSpecularColor: {r: 0, g: 0, b: 0, a: 1}
  m_UseRadianceAmbientProbe: 0
--- !u!157 &3
LightmapSettings:
  m_ObjectHideFlags: 0
  serializedVersion: 11
  m_GIWorkflowMode: 1
  m_GISettings:
    serializedVersion: 2
    m_BounceScale: 1
    m_IndirectOutputScale: 1
    m_AlbedoBoost: 1
    m_EnvironmentLightingMode: 0
    m_EnableBakedLightmaps: 1
    m_EnableRealtimeLightmaps: 1
  m_LightmapEditorSettings:
    serializedVersion: 12
    m_Resolution: 2
    m_BakeResolution: 40
    m_AtlasSize: 1024
    m_AO: 0
    m_AOMaxDistance: 1
    m_CompAOExponent: 1
    m_CompAOExponentDirect: 0
    m_ExtractAmbientOcclusion: 0
    m_Padding: 2
    m_LightmapParameters: {fileID: 0}
    m_LightmapsBakeMode: 1
    m_TextureCompression: 1
    m_FinalGather: 0
    m_FinalGatherFiltering: 1
    m_FinalGatherRayCount: 256
    m_ReflectionCompression: 2
    m_MixedBakeMode: 2
    m_BakeBackend: 1
    m_PVRSampling: 1
    m_PVRDirectSampleCount: 32
    m_PVRSampleCount: 512
    m_PVRBounces: 2
    m_PVREnvironmentSampleCount: 256
    m_PVREnvironmentReferencePointCount: 2048
    m_PVRFilteringMode: 1
    m_PVRDenoiserTypeDirect: 1
    m_PVRDenoiserTypeIndirect: 1
    m_PVRDenoiserTypeAO: 1
    m_PVRFilterTypeDirect: 0
    m_PVRFilterTypeIndirect: 0
    m_PVRFilterTypeAO: 0
    m_PVREnvironmentMIS: 1
    m_PVRCulling: 1
    m_PVRFilteringGaussRadiusDirect: 1
    m_PVRFilteringGaussRadiusIndirect: 5
    m_PVRFilteringGaussRadiusAO: 2
    m_PVRFilteringAtrousPositionSigmaDirect: 0.5
    m_PVRFilteringAtrousPositionSigmaIndirect: 2
    m_PVRFilteringAtrousPositionSigmaAO: 1
    m_ExportTrainingData: 0
    m_TrainingDataDestination: TrainingData
  m_LightingDataAsset: {fileID: 0}
  m_UseShadowmask: 1
--- !u!196 &4
NavMeshSettings:
  serializedVersion: 2
  m_ObjectHideFlags: 0
  m_BuildSettings:
    serializedVersion: 2
    agentTypeID: 0
    agentRadius: 0.5
    agentHeight: 2
    agentSlope: 45
    agentClimb: 0.4
    ledgeDropHeight: 0
    maxJumpAcrossDistance: 0
    minRegionArea: 2
    manualCellSize: 0
    cellSize: 0.16666667
    manualTileSize: 0
    tileSize: 256
    accuratePlacement: 0
    debug:
      m_Flags: 0
  m_NavMeshData: {fileID: 0}
--- !u!1001 &173820947
PrefabInstance:
  m_ObjectHideFlags: 0
  serializedVersion: 2
  m_Modification:
    m_TransformParent: {fileID: 0}
    m_Modifications:
    - target: {fileID: 8153578155034786509, guid: 5a811fff7f5df5ed295054530b1ebc3c,
        type: 3}
      propertyPath: m_Name
      value: CorridoioCaricamento2-3
      objectReference: {fileID: 0}
    - target: {fileID: 8153578155034786509, guid: 5a811fff7f5df5ed295054530b1ebc3c,
        type: 3}
      propertyPath: m_IsActive
      value: 0
      objectReference: {fileID: 0}
    - target: {fileID: 5151007436981487838, guid: 5a811fff7f5df5ed295054530b1ebc3c,
        type: 3}
      propertyPath: m_LocalPosition.x
      value: 88.19
      objectReference: {fileID: 0}
    - target: {fileID: 5151007436981487838, guid: 5a811fff7f5df5ed295054530b1ebc3c,
        type: 3}
      propertyPath: m_LocalPosition.y
      value: 6.31
      objectReference: {fileID: 0}
    - target: {fileID: 5151007436981487838, guid: 5a811fff7f5df5ed295054530b1ebc3c,
        type: 3}
      propertyPath: m_LocalPosition.z
      value: 1.38
      objectReference: {fileID: 0}
    - target: {fileID: 5151007436981487838, guid: 5a811fff7f5df5ed295054530b1ebc3c,
        type: 3}
      propertyPath: m_LocalRotation.x
      value: -0
      objectReference: {fileID: 0}
    - target: {fileID: 5151007436981487838, guid: 5a811fff7f5df5ed295054530b1ebc3c,
        type: 3}
      propertyPath: m_LocalRotation.y
      value: -0
      objectReference: {fileID: 0}
    - target: {fileID: 5151007436981487838, guid: 5a811fff7f5df5ed295054530b1ebc3c,
        type: 3}
      propertyPath: m_LocalRotation.z
      value: -0
      objectReference: {fileID: 0}
    - target: {fileID: 5151007436981487838, guid: 5a811fff7f5df5ed295054530b1ebc3c,
        type: 3}
      propertyPath: m_LocalRotation.w
      value: 1
      objectReference: {fileID: 0}
    - target: {fileID: 5151007436981487838, guid: 5a811fff7f5df5ed295054530b1ebc3c,
        type: 3}
      propertyPath: m_RootOrder
      value: 1
      objectReference: {fileID: 0}
    - target: {fileID: 5151007436981487838, guid: 5a811fff7f5df5ed295054530b1ebc3c,
        type: 3}
      propertyPath: m_LocalEulerAnglesHint.x
      value: 0
      objectReference: {fileID: 0}
    - target: {fileID: 5151007436981487838, guid: 5a811fff7f5df5ed295054530b1ebc3c,
        type: 3}
      propertyPath: m_LocalEulerAnglesHint.y
      value: 0
      objectReference: {fileID: 0}
    - target: {fileID: 5151007436981487838, guid: 5a811fff7f5df5ed295054530b1ebc3c,
        type: 3}
      propertyPath: m_LocalEulerAnglesHint.z
      value: 0
      objectReference: {fileID: 0}
    - target: {fileID: 5151007436981487838, guid: 5a811fff7f5df5ed295054530b1ebc3c,
        type: 3}
      propertyPath: m_LocalScale.x
      value: 2.4155254
      objectReference: {fileID: 0}
    - target: {fileID: 5151007436981487838, guid: 5a811fff7f5df5ed295054530b1ebc3c,
        type: 3}
      propertyPath: m_LocalScale.y
      value: 2.4155254
      objectReference: {fileID: 0}
    - target: {fileID: 5151007436981487838, guid: 5a811fff7f5df5ed295054530b1ebc3c,
        type: 3}
      propertyPath: m_LocalScale.z
      value: 2.4155254
      objectReference: {fileID: 0}
    - target: {fileID: 8757563553345036409, guid: 5a811fff7f5df5ed295054530b1ebc3c,
        type: 3}
      propertyPath: nomeScenaPrecedente
      value: LvL2
      objectReference: {fileID: 0}
    - target: {fileID: 8757563553345036409, guid: 5a811fff7f5df5ed295054530b1ebc3c,
        type: 3}
      propertyPath: nomeScenaSuccessiva
      value: LvL3
      objectReference: {fileID: 0}
    - target: {fileID: 5986784781157318063, guid: 5a811fff7f5df5ed295054530b1ebc3c,
        type: 3}
      propertyPath: m_LocalPosition.x
      value: 5.87
      objectReference: {fileID: 0}
    - target: {fileID: 5986784781157318063, guid: 5a811fff7f5df5ed295054530b1ebc3c,
        type: 3}
      propertyPath: m_LocalPosition.z
      value: -0.49
      objectReference: {fileID: 0}
    - target: {fileID: 5986784781157318063, guid: 5a811fff7f5df5ed295054530b1ebc3c,
        type: 3}
      propertyPath: m_LocalPosition.y
      value: 0.95
      objectReference: {fileID: 0}
    - target: {fileID: 4810054531868628906, guid: 5a811fff7f5df5ed295054530b1ebc3c,
        type: 3}
      propertyPath: m_LocalPosition.x
      value: 5.87
      objectReference: {fileID: 0}
    - target: {fileID: 4810054531868628906, guid: 5a811fff7f5df5ed295054530b1ebc3c,
        type: 3}
      propertyPath: m_LocalPosition.z
      value: 0.93
      objectReference: {fileID: 0}
    - target: {fileID: 4810054531868628906, guid: 5a811fff7f5df5ed295054530b1ebc3c,
        type: 3}
      propertyPath: m_LocalPosition.y
      value: 0.95
      objectReference: {fileID: 0}
    - target: {fileID: 1746271217752138257, guid: 5a811fff7f5df5ed295054530b1ebc3c,
        type: 3}
      propertyPath: m_LocalPosition.x
      value: 5.83
      objectReference: {fileID: 0}
    - target: {fileID: 714359839417681940, guid: 5a811fff7f5df5ed295054530b1ebc3c,
        type: 3}
      propertyPath: m_LocalPosition.x
      value: 5.8299823
      objectReference: {fileID: 0}
    - target: {fileID: 6241655489795140454, guid: 5a811fff7f5df5ed295054530b1ebc3c,
        type: 3}
      propertyPath: m_Enabled
      value: 0
      objectReference: {fileID: 0}
    - target: {fileID: 2141327451183740120, guid: 5a811fff7f5df5ed295054530b1ebc3c,
        type: 3}
      propertyPath: m_Enabled
      value: 0
      objectReference: {fileID: 0}
    - target: {fileID: 7573790329726930449, guid: 5a811fff7f5df5ed295054530b1ebc3c,
        type: 3}
      propertyPath: m_Enabled
      value: 1
      objectReference: {fileID: 0}
    m_RemovedComponents: []
  m_SourcePrefab: {fileID: 100100000, guid: 5a811fff7f5df5ed295054530b1ebc3c, type: 3}
--- !u!1001 &286022778
PrefabInstance:
  m_ObjectHideFlags: 0
  serializedVersion: 2
  m_Modification:
    m_TransformParent: {fileID: 0}
    m_Modifications:
    - target: {fileID: 8153578155034786509, guid: 5a811fff7f5df5ed295054530b1ebc3c,
        type: 3}
      propertyPath: m_Name
      value: CorridoioCaricamento 5-6
      objectReference: {fileID: 0}
    - target: {fileID: 8153578155034786509, guid: 5a811fff7f5df5ed295054530b1ebc3c,
        type: 3}
      propertyPath: m_IsActive
      value: 0
      objectReference: {fileID: 0}
    - target: {fileID: 5151007436981487838, guid: 5a811fff7f5df5ed295054530b1ebc3c,
        type: 3}
      propertyPath: m_LocalPosition.x
      value: 238.24
      objectReference: {fileID: 0}
    - target: {fileID: 5151007436981487838, guid: 5a811fff7f5df5ed295054530b1ebc3c,
        type: 3}
      propertyPath: m_LocalPosition.y
      value: 16.93
      objectReference: {fileID: 0}
    - target: {fileID: 5151007436981487838, guid: 5a811fff7f5df5ed295054530b1ebc3c,
        type: 3}
      propertyPath: m_LocalPosition.z
      value: 16.87
      objectReference: {fileID: 0}
    - target: {fileID: 5151007436981487838, guid: 5a811fff7f5df5ed295054530b1ebc3c,
        type: 3}
      propertyPath: m_LocalRotation.x
      value: -0.0009908836
      objectReference: {fileID: 0}
    - target: {fileID: 5151007436981487838, guid: 5a811fff7f5df5ed295054530b1ebc3c,
        type: 3}
      propertyPath: m_LocalRotation.y
      value: 0.0005181319
      objectReference: {fileID: 0}
    - target: {fileID: 5151007436981487838, guid: 5a811fff7f5df5ed295054530b1ebc3c,
        type: 3}
      propertyPath: m_LocalRotation.z
      value: -0.0005781829
      objectReference: {fileID: 0}
    - target: {fileID: 5151007436981487838, guid: 5a811fff7f5df5ed295054530b1ebc3c,
        type: 3}
      propertyPath: m_LocalRotation.w
      value: 0.9999992
      objectReference: {fileID: 0}
    - target: {fileID: 5151007436981487838, guid: 5a811fff7f5df5ed295054530b1ebc3c,
        type: 3}
      propertyPath: m_RootOrder
      value: 4
      objectReference: {fileID: 0}
    - target: {fileID: 5151007436981487838, guid: 5a811fff7f5df5ed295054530b1ebc3c,
        type: 3}
      propertyPath: m_LocalEulerAnglesHint.x
      value: -0.11400001
      objectReference: {fileID: 0}
    - target: {fileID: 5151007436981487838, guid: 5a811fff7f5df5ed295054530b1ebc3c,
        type: 3}
      propertyPath: m_LocalEulerAnglesHint.y
      value: 0.059000004
      objectReference: {fileID: 0}
    - target: {fileID: 5151007436981487838, guid: 5a811fff7f5df5ed295054530b1ebc3c,
        type: 3}
      propertyPath: m_LocalEulerAnglesHint.z
      value: -0.066
      objectReference: {fileID: 0}
    - target: {fileID: 5151007436981487838, guid: 5a811fff7f5df5ed295054530b1ebc3c,
        type: 3}
      propertyPath: m_LocalScale.x
      value: 1.7076393
      objectReference: {fileID: 0}
    - target: {fileID: 5151007436981487838, guid: 5a811fff7f5df5ed295054530b1ebc3c,
        type: 3}
      propertyPath: m_LocalScale.y
      value: 2.2898235
      objectReference: {fileID: 0}
    - target: {fileID: 5151007436981487838, guid: 5a811fff7f5df5ed295054530b1ebc3c,
        type: 3}
      propertyPath: m_LocalScale.z
      value: 2.2898235
      objectReference: {fileID: 0}
    - target: {fileID: 8757563553345036409, guid: 5a811fff7f5df5ed295054530b1ebc3c,
        type: 3}
      propertyPath: nomeScenaPrecedente
      value: LvL5
      objectReference: {fileID: 0}
    - target: {fileID: 8757563553345036409, guid: 5a811fff7f5df5ed295054530b1ebc3c,
        type: 3}
      propertyPath: nomeScenaSuccessiva
      value: LvL6
      objectReference: {fileID: 0}
    - target: {fileID: 5986784781157318063, guid: 5a811fff7f5df5ed295054530b1ebc3c,
        type: 3}
      propertyPath: m_LocalPosition.x
      value: 5.89
      objectReference: {fileID: 0}
    - target: {fileID: 5986784781157318063, guid: 5a811fff7f5df5ed295054530b1ebc3c,
        type: 3}
      propertyPath: m_LocalPosition.z
      value: -0.53
      objectReference: {fileID: 0}
    - target: {fileID: 5986784781157318063, guid: 5a811fff7f5df5ed295054530b1ebc3c,
        type: 3}
      propertyPath: m_LocalPosition.y
      value: 0.931
      objectReference: {fileID: 0}
    - target: {fileID: 4810054531868628906, guid: 5a811fff7f5df5ed295054530b1ebc3c,
        type: 3}
      propertyPath: m_LocalPosition.x
      value: 5.89
      objectReference: {fileID: 0}
    - target: {fileID: 4810054531868628906, guid: 5a811fff7f5df5ed295054530b1ebc3c,
        type: 3}
      propertyPath: m_LocalPosition.z
      value: 0.886
      objectReference: {fileID: 0}
    - target: {fileID: 4810054531868628906, guid: 5a811fff7f5df5ed295054530b1ebc3c,
        type: 3}
      propertyPath: m_LocalPosition.y
      value: 0.931
      objectReference: {fileID: 0}
    - target: {fileID: 1746271217752138257, guid: 5a811fff7f5df5ed295054530b1ebc3c,
        type: 3}
      propertyPath: m_LocalPosition.x
      value: 5.7980204
      objectReference: {fileID: 0}
    - target: {fileID: 714359839417681940, guid: 5a811fff7f5df5ed295054530b1ebc3c,
        type: 3}
      propertyPath: m_LocalPosition.x
      value: 5.798
      objectReference: {fileID: 0}
    m_RemovedComponents: []
  m_SourcePrefab: {fileID: 100100000, guid: 5a811fff7f5df5ed295054530b1ebc3c, type: 3}
--- !u!1001 &379945916
PrefabInstance:
  m_ObjectHideFlags: 0
  serializedVersion: 2
  m_Modification:
    m_TransformParent: {fileID: 0}
    m_Modifications:
    - target: {fileID: 2155979930214060968, guid: 7f84b046c1cd23144998d5ee0b74293b,
        type: 3}
      propertyPath: m_Name
      value: CorridoioNuovo 3-4
      objectReference: {fileID: 0}
    - target: {fileID: 2557180666730859554, guid: 7f84b046c1cd23144998d5ee0b74293b,
        type: 3}
      propertyPath: m_LocalPosition.x
      value: 123.73325
      objectReference: {fileID: 0}
    - target: {fileID: 2557180666730859554, guid: 7f84b046c1cd23144998d5ee0b74293b,
        type: 3}
      propertyPath: m_LocalPosition.y
      value: 12.66
      objectReference: {fileID: 0}
    - target: {fileID: 2557180666730859554, guid: 7f84b046c1cd23144998d5ee0b74293b,
        type: 3}
      propertyPath: m_LocalPosition.z
      value: 5.38
      objectReference: {fileID: 0}
    - target: {fileID: 2557180666730859554, guid: 7f84b046c1cd23144998d5ee0b74293b,
        type: 3}
      propertyPath: m_LocalRotation.x
      value: -0.0009908836
      objectReference: {fileID: 0}
    - target: {fileID: 2557180666730859554, guid: 7f84b046c1cd23144998d5ee0b74293b,
        type: 3}
      propertyPath: m_LocalRotation.y
      value: 0.0005181319
      objectReference: {fileID: 0}
    - target: {fileID: 2557180666730859554, guid: 7f84b046c1cd23144998d5ee0b74293b,
        type: 3}
      propertyPath: m_LocalRotation.z
      value: -0.0005781829
      objectReference: {fileID: 0}
    - target: {fileID: 2557180666730859554, guid: 7f84b046c1cd23144998d5ee0b74293b,
        type: 3}
      propertyPath: m_LocalRotation.w
      value: 0.9999992
      objectReference: {fileID: 0}
    - target: {fileID: 2557180666730859554, guid: 7f84b046c1cd23144998d5ee0b74293b,
        type: 3}
      propertyPath: m_RootOrder
      value: 9
      objectReference: {fileID: 0}
    - target: {fileID: 2557180666730859554, guid: 7f84b046c1cd23144998d5ee0b74293b,
        type: 3}
      propertyPath: m_LocalEulerAnglesHint.x
      value: -0.11400001
      objectReference: {fileID: 0}
    - target: {fileID: 2557180666730859554, guid: 7f84b046c1cd23144998d5ee0b74293b,
        type: 3}
      propertyPath: m_LocalEulerAnglesHint.y
      value: 0.059000004
      objectReference: {fileID: 0}
    - target: {fileID: 2557180666730859554, guid: 7f84b046c1cd23144998d5ee0b74293b,
        type: 3}
      propertyPath: m_LocalEulerAnglesHint.z
      value: -0.066
      objectReference: {fileID: 0}
    - target: {fileID: 2557180666730859554, guid: 7f84b046c1cd23144998d5ee0b74293b,
        type: 3}
      propertyPath: m_LocalScale.x
      value: 1.5
      objectReference: {fileID: 0}
    - target: {fileID: 2557180666730859554, guid: 7f84b046c1cd23144998d5ee0b74293b,
        type: 3}
      propertyPath: m_LocalScale.y
      value: 2.415525
      objectReference: {fileID: 0}
    - target: {fileID: 2557180666730859554, guid: 7f84b046c1cd23144998d5ee0b74293b,
        type: 3}
      propertyPath: m_LocalScale.z
      value: 2.415525
      objectReference: {fileID: 0}
    - target: {fileID: 2155979930214060971, guid: 7f84b046c1cd23144998d5ee0b74293b,
        type: 3}
      propertyPath: nomeScenaPrecedente
      value: LvL3
      objectReference: {fileID: 0}
    - target: {fileID: 2155979930214060971, guid: 7f84b046c1cd23144998d5ee0b74293b,
        type: 3}
      propertyPath: nomeScenaSuccessiva
      value: LvL4
      objectReference: {fileID: 0}
    - target: {fileID: 2155979930214060971, guid: 7f84b046c1cd23144998d5ee0b74293b,
        type: 3}
      propertyPath: rilevatoreLivelloPrecedente
      value: 
      objectReference: {fileID: 379945918}
    - target: {fileID: 2155979930214060971, guid: 7f84b046c1cd23144998d5ee0b74293b,
        type: 3}
      propertyPath: rilevatoreLivelloSuccessivo
      value: 
      objectReference: {fileID: 379945917}
    - target: {fileID: 193427323954203628, guid: 7f84b046c1cd23144998d5ee0b74293b,
        type: 3}
      propertyPath: m_Enabled
      value: 1
      objectReference: {fileID: 0}
    m_RemovedComponents: []
  m_SourcePrefab: {fileID: 100100000, guid: 7f84b046c1cd23144998d5ee0b74293b, type: 3}
--- !u!114 &379945917 stripped
MonoBehaviour:
  m_CorrespondingSourceObject: {fileID: 2155979930214060974, guid: 7f84b046c1cd23144998d5ee0b74293b,
    type: 3}
  m_PrefabInstance: {fileID: 379945916}
  m_PrefabAsset: {fileID: 0}
  m_GameObject: {fileID: 0}
  m_Enabled: 1
  m_EditorHideFlags: 0
  m_Script: {fileID: 11500000, guid: f541cde0eca1af78dbb7a3f27035fd85, type: 3}
  m_Name: 
  m_EditorClassIdentifier: 
--- !u!114 &379945918 stripped
MonoBehaviour:
  m_CorrespondingSourceObject: {fileID: 2155979930214060969, guid: 7f84b046c1cd23144998d5ee0b74293b,
    type: 3}
  m_PrefabInstance: {fileID: 379945916}
  m_PrefabAsset: {fileID: 0}
  m_GameObject: {fileID: 0}
  m_Enabled: 1
  m_EditorHideFlags: 0
  m_Script: {fileID: 11500000, guid: f541cde0eca1af78dbb7a3f27035fd85, type: 3}
  m_Name: 
  m_EditorClassIdentifier: 
--- !u!1001 &458049649
PrefabInstance:
  m_ObjectHideFlags: 0
  serializedVersion: 2
  m_Modification:
    m_TransformParent: {fileID: 0}
    m_Modifications:
    - target: {fileID: 8153578155034786509, guid: 5a811fff7f5df5ed295054530b1ebc3c,
        type: 3}
      propertyPath: m_Name
      value: CorridoioCaricamento 6-7
      objectReference: {fileID: 0}
    - target: {fileID: 8153578155034786509, guid: 5a811fff7f5df5ed295054530b1ebc3c,
        type: 3}
      propertyPath: m_IsActive
      value: 0
      objectReference: {fileID: 0}
    - target: {fileID: 5151007436981487838, guid: 5a811fff7f5df5ed295054530b1ebc3c,
        type: 3}
      propertyPath: m_LocalPosition.x
      value: 284.35
      objectReference: {fileID: 0}
    - target: {fileID: 5151007436981487838, guid: 5a811fff7f5df5ed295054530b1ebc3c,
        type: 3}
      propertyPath: m_LocalPosition.y
      value: 20.81
      objectReference: {fileID: 0}
    - target: {fileID: 5151007436981487838, guid: 5a811fff7f5df5ed295054530b1ebc3c,
        type: 3}
      propertyPath: m_LocalPosition.z
      value: 16.64
      objectReference: {fileID: 0}
    - target: {fileID: 5151007436981487838, guid: 5a811fff7f5df5ed295054530b1ebc3c,
        type: 3}
      propertyPath: m_LocalRotation.x
      value: -0.0009908836
      objectReference: {fileID: 0}
    - target: {fileID: 5151007436981487838, guid: 5a811fff7f5df5ed295054530b1ebc3c,
        type: 3}
      propertyPath: m_LocalRotation.y
      value: 0.0005181319
      objectReference: {fileID: 0}
    - target: {fileID: 5151007436981487838, guid: 5a811fff7f5df5ed295054530b1ebc3c,
        type: 3}
      propertyPath: m_LocalRotation.z
      value: -0.0005781829
      objectReference: {fileID: 0}
    - target: {fileID: 5151007436981487838, guid: 5a811fff7f5df5ed295054530b1ebc3c,
        type: 3}
      propertyPath: m_LocalRotation.w
      value: 0.9999992
      objectReference: {fileID: 0}
    - target: {fileID: 5151007436981487838, guid: 5a811fff7f5df5ed295054530b1ebc3c,
        type: 3}
      propertyPath: m_RootOrder
      value: 5
      objectReference: {fileID: 0}
    - target: {fileID: 5151007436981487838, guid: 5a811fff7f5df5ed295054530b1ebc3c,
        type: 3}
      propertyPath: m_LocalEulerAnglesHint.x
      value: -0.11400001
      objectReference: {fileID: 0}
    - target: {fileID: 5151007436981487838, guid: 5a811fff7f5df5ed295054530b1ebc3c,
        type: 3}
      propertyPath: m_LocalEulerAnglesHint.y
      value: 0.059000004
      objectReference: {fileID: 0}
    - target: {fileID: 5151007436981487838, guid: 5a811fff7f5df5ed295054530b1ebc3c,
        type: 3}
      propertyPath: m_LocalEulerAnglesHint.z
      value: -0.066
      objectReference: {fileID: 0}
    - target: {fileID: 5151007436981487838, guid: 5a811fff7f5df5ed295054530b1ebc3c,
        type: 3}
      propertyPath: m_LocalScale.x
      value: 1.7076393
      objectReference: {fileID: 0}
    - target: {fileID: 5151007436981487838, guid: 5a811fff7f5df5ed295054530b1ebc3c,
        type: 3}
      propertyPath: m_LocalScale.y
      value: 2.2898235
      objectReference: {fileID: 0}
    - target: {fileID: 5151007436981487838, guid: 5a811fff7f5df5ed295054530b1ebc3c,
        type: 3}
      propertyPath: m_LocalScale.z
      value: 2.2898235
      objectReference: {fileID: 0}
    - target: {fileID: 8757563553345036409, guid: 5a811fff7f5df5ed295054530b1ebc3c,
        type: 3}
      propertyPath: nomeScenaPrecedente
      value: LvL6
      objectReference: {fileID: 0}
    - target: {fileID: 8757563553345036409, guid: 5a811fff7f5df5ed295054530b1ebc3c,
        type: 3}
      propertyPath: nomeScenaSuccessiva
      value: LvL7
      objectReference: {fileID: 0}
    - target: {fileID: 5986784781157318063, guid: 5a811fff7f5df5ed295054530b1ebc3c,
        type: 3}
      propertyPath: m_LocalPosition.x
      value: 5.89
      objectReference: {fileID: 0}
    - target: {fileID: 5986784781157318063, guid: 5a811fff7f5df5ed295054530b1ebc3c,
        type: 3}
      propertyPath: m_LocalPosition.z
      value: -0.53
      objectReference: {fileID: 0}
    - target: {fileID: 5986784781157318063, guid: 5a811fff7f5df5ed295054530b1ebc3c,
        type: 3}
      propertyPath: m_LocalPosition.y
      value: 0.931
      objectReference: {fileID: 0}
    - target: {fileID: 4810054531868628906, guid: 5a811fff7f5df5ed295054530b1ebc3c,
        type: 3}
      propertyPath: m_LocalPosition.x
      value: 5.89
      objectReference: {fileID: 0}
    - target: {fileID: 4810054531868628906, guid: 5a811fff7f5df5ed295054530b1ebc3c,
        type: 3}
      propertyPath: m_LocalPosition.z
      value: 0.886
      objectReference: {fileID: 0}
    - target: {fileID: 4810054531868628906, guid: 5a811fff7f5df5ed295054530b1ebc3c,
        type: 3}
      propertyPath: m_LocalPosition.y
      value: 0.931
      objectReference: {fileID: 0}
    - target: {fileID: 1746271217752138257, guid: 5a811fff7f5df5ed295054530b1ebc3c,
        type: 3}
      propertyPath: m_LocalPosition.x
      value: 5.7980204
      objectReference: {fileID: 0}
    - target: {fileID: 714359839417681940, guid: 5a811fff7f5df5ed295054530b1ebc3c,
        type: 3}
      propertyPath: m_LocalPosition.x
      value: 5.798
      objectReference: {fileID: 0}
    - target: {fileID: 630731259715699872, guid: 5a811fff7f5df5ed295054530b1ebc3c,
        type: 3}
      propertyPath: m_LocalPosition.z
      value: 0.28
      objectReference: {fileID: 0}
    - target: {fileID: 2945924256310904629, guid: 5a811fff7f5df5ed295054530b1ebc3c,
        type: 3}
      propertyPath: m_Enabled
      value: 0
      objectReference: {fileID: 0}
    m_RemovedComponents: []
  m_SourcePrefab: {fileID: 100100000, guid: 5a811fff7f5df5ed295054530b1ebc3c, type: 3}
--- !u!1001 &619125904
PrefabInstance:
  m_ObjectHideFlags: 0
  serializedVersion: 2
  m_Modification:
    m_TransformParent: {fileID: 0}
    m_Modifications:
    - target: {fileID: 2155979930214060968, guid: 7f84b046c1cd23144998d5ee0b74293b,
        type: 3}
      propertyPath: m_Name
      value: CorridoioNuovo 7-8
      objectReference: {fileID: 0}
    - target: {fileID: 2557180666730859554, guid: 7f84b046c1cd23144998d5ee0b74293b,
        type: 3}
      propertyPath: m_LocalPosition.x
      value: 332.4876
      objectReference: {fileID: 0}
    - target: {fileID: 2557180666730859554, guid: 7f84b046c1cd23144998d5ee0b74293b,
        type: 3}
      propertyPath: m_LocalPosition.y
      value: 23.078999
      objectReference: {fileID: 0}
    - target: {fileID: 2557180666730859554, guid: 7f84b046c1cd23144998d5ee0b74293b,
        type: 3}
      propertyPath: m_LocalPosition.z
      value: 17.29
      objectReference: {fileID: 0}
    - target: {fileID: 2557180666730859554, guid: 7f84b046c1cd23144998d5ee0b74293b,
        type: 3}
      propertyPath: m_LocalRotation.x
      value: -0.0009908836
      objectReference: {fileID: 0}
    - target: {fileID: 2557180666730859554, guid: 7f84b046c1cd23144998d5ee0b74293b,
        type: 3}
      propertyPath: m_LocalRotation.y
      value: 0.0005181319
      objectReference: {fileID: 0}
    - target: {fileID: 2557180666730859554, guid: 7f84b046c1cd23144998d5ee0b74293b,
        type: 3}
      propertyPath: m_LocalRotation.z
      value: -0.0005781829
      objectReference: {fileID: 0}
    - target: {fileID: 2557180666730859554, guid: 7f84b046c1cd23144998d5ee0b74293b,
        type: 3}
      propertyPath: m_LocalRotation.w
      value: 0.9999992
      objectReference: {fileID: 0}
    - target: {fileID: 2557180666730859554, guid: 7f84b046c1cd23144998d5ee0b74293b,
        type: 3}
      propertyPath: m_RootOrder
      value: 13
      objectReference: {fileID: 0}
    - target: {fileID: 2557180666730859554, guid: 7f84b046c1cd23144998d5ee0b74293b,
        type: 3}
      propertyPath: m_LocalEulerAnglesHint.x
      value: -0.11400001
      objectReference: {fileID: 0}
    - target: {fileID: 2557180666730859554, guid: 7f84b046c1cd23144998d5ee0b74293b,
        type: 3}
      propertyPath: m_LocalEulerAnglesHint.y
      value: 0.059000004
      objectReference: {fileID: 0}
    - target: {fileID: 2557180666730859554, guid: 7f84b046c1cd23144998d5ee0b74293b,
        type: 3}
      propertyPath: m_LocalEulerAnglesHint.z
      value: -0.066
      objectReference: {fileID: 0}
    - target: {fileID: 2557180666730859554, guid: 7f84b046c1cd23144998d5ee0b74293b,
        type: 3}
      propertyPath: m_LocalScale.x
      value: 1.8242711
      objectReference: {fileID: 0}
    - target: {fileID: 2557180666730859554, guid: 7f84b046c1cd23144998d5ee0b74293b,
        type: 3}
      propertyPath: m_LocalScale.y
      value: 2.4462185
      objectReference: {fileID: 0}
    - target: {fileID: 2557180666730859554, guid: 7f84b046c1cd23144998d5ee0b74293b,
        type: 3}
      propertyPath: m_LocalScale.z
      value: 2.4462185
      objectReference: {fileID: 0}
    - target: {fileID: 2155979930214060971, guid: 7f84b046c1cd23144998d5ee0b74293b,
        type: 3}
      propertyPath: nomeScenaPrecedente
      value: LvL7
      objectReference: {fileID: 0}
    - target: {fileID: 2155979930214060971, guid: 7f84b046c1cd23144998d5ee0b74293b,
        type: 3}
      propertyPath: nomeScenaSuccessiva
      value: LvL8
      objectReference: {fileID: 0}
    - target: {fileID: 2155979930214060971, guid: 7f84b046c1cd23144998d5ee0b74293b,
        type: 3}
      propertyPath: rilevatoreLivelloPrecedente
      value: 
      objectReference: {fileID: 619125906}
    - target: {fileID: 2155979930214060971, guid: 7f84b046c1cd23144998d5ee0b74293b,
        type: 3}
      propertyPath: rilevatoreLivelloSuccessivo
      value: 
      objectReference: {fileID: 619125905}
    - target: {fileID: 193427323954203628, guid: 7f84b046c1cd23144998d5ee0b74293b,
        type: 3}
      propertyPath: m_Enabled
      value: 1
      objectReference: {fileID: 0}
    m_RemovedComponents: []
  m_SourcePrefab: {fileID: 100100000, guid: 7f84b046c1cd23144998d5ee0b74293b, type: 3}
--- !u!114 &619125905 stripped
MonoBehaviour:
  m_CorrespondingSourceObject: {fileID: 2155979930214060974, guid: 7f84b046c1cd23144998d5ee0b74293b,
    type: 3}
  m_PrefabInstance: {fileID: 619125904}
  m_PrefabAsset: {fileID: 0}
  m_GameObject: {fileID: 0}
  m_Enabled: 1
  m_EditorHideFlags: 0
  m_Script: {fileID: 11500000, guid: f541cde0eca1af78dbb7a3f27035fd85, type: 3}
  m_Name: 
  m_EditorClassIdentifier: 
--- !u!114 &619125906 stripped
MonoBehaviour:
  m_CorrespondingSourceObject: {fileID: 2155979930214060969, guid: 7f84b046c1cd23144998d5ee0b74293b,
    type: 3}
  m_PrefabInstance: {fileID: 619125904}
  m_PrefabAsset: {fileID: 0}
  m_GameObject: {fileID: 0}
  m_Enabled: 1
  m_EditorHideFlags: 0
  m_Script: {fileID: 11500000, guid: f541cde0eca1af78dbb7a3f27035fd85, type: 3}
  m_Name: 
  m_EditorClassIdentifier: 
--- !u!1001 &680529877
PrefabInstance:
  m_ObjectHideFlags: 0
  serializedVersion: 2
  m_Modification:
    m_TransformParent: {fileID: 0}
    m_Modifications:
    - target: {fileID: 2155979930214060968, guid: 7f84b046c1cd23144998d5ee0b74293b,
        type: 3}
      propertyPath: m_Name
      value: CorridoioNuovo 5-6
      objectReference: {fileID: 0}
    - target: {fileID: 2557180666730859554, guid: 7f84b046c1cd23144998d5ee0b74293b,
        type: 3}
      propertyPath: m_LocalPosition.x
      value: 227.81792
      objectReference: {fileID: 0}
    - target: {fileID: 2557180666730859554, guid: 7f84b046c1cd23144998d5ee0b74293b,
        type: 3}
      propertyPath: m_LocalPosition.y
      value: 19.449
      objectReference: {fileID: 0}
    - target: {fileID: 2557180666730859554, guid: 7f84b046c1cd23144998d5ee0b74293b,
        type: 3}
      propertyPath: m_LocalPosition.z
      value: 17.841
      objectReference: {fileID: 0}
    - target: {fileID: 2557180666730859554, guid: 7f84b046c1cd23144998d5ee0b74293b,
        type: 3}
      propertyPath: m_LocalRotation.x
      value: -0.0009908836
      objectReference: {fileID: 0}
    - target: {fileID: 2557180666730859554, guid: 7f84b046c1cd23144998d5ee0b74293b,
        type: 3}
      propertyPath: m_LocalRotation.y
      value: 0.0005181319
      objectReference: {fileID: 0}
    - target: {fileID: 2557180666730859554, guid: 7f84b046c1cd23144998d5ee0b74293b,
        type: 3}
      propertyPath: m_LocalRotation.z
      value: -0.0005781829
      objectReference: {fileID: 0}
    - target: {fileID: 2557180666730859554, guid: 7f84b046c1cd23144998d5ee0b74293b,
        type: 3}
      propertyPath: m_LocalRotation.w
      value: 0.9999992
      objectReference: {fileID: 0}
    - target: {fileID: 2557180666730859554, guid: 7f84b046c1cd23144998d5ee0b74293b,
        type: 3}
      propertyPath: m_RootOrder
      value: 11
      objectReference: {fileID: 0}
    - target: {fileID: 2557180666730859554, guid: 7f84b046c1cd23144998d5ee0b74293b,
        type: 3}
      propertyPath: m_LocalEulerAnglesHint.x
      value: -0.11400001
      objectReference: {fileID: 0}
    - target: {fileID: 2557180666730859554, guid: 7f84b046c1cd23144998d5ee0b74293b,
        type: 3}
      propertyPath: m_LocalEulerAnglesHint.y
      value: 0.059000004
      objectReference: {fileID: 0}
    - target: {fileID: 2557180666730859554, guid: 7f84b046c1cd23144998d5ee0b74293b,
        type: 3}
      propertyPath: m_LocalEulerAnglesHint.z
      value: -0.066
      objectReference: {fileID: 0}
    - target: {fileID: 2557180666730859554, guid: 7f84b046c1cd23144998d5ee0b74293b,
        type: 3}
      propertyPath: m_LocalScale.x
      value: 1.7076393
      objectReference: {fileID: 0}
    - target: {fileID: 2557180666730859554, guid: 7f84b046c1cd23144998d5ee0b74293b,
        type: 3}
      propertyPath: m_LocalScale.y
      value: 2.375692
      objectReference: {fileID: 0}
    - target: {fileID: 2557180666730859554, guid: 7f84b046c1cd23144998d5ee0b74293b,
        type: 3}
      propertyPath: m_LocalScale.z
      value: 2.2898235
      objectReference: {fileID: 0}
    - target: {fileID: 2155979930214060971, guid: 7f84b046c1cd23144998d5ee0b74293b,
        type: 3}
      propertyPath: nomeScenaPrecedente
      value: LvL5
      objectReference: {fileID: 0}
    - target: {fileID: 2155979930214060971, guid: 7f84b046c1cd23144998d5ee0b74293b,
        type: 3}
      propertyPath: nomeScenaSuccessiva
      value: LvL6
      objectReference: {fileID: 0}
    - target: {fileID: 2155979930214060971, guid: 7f84b046c1cd23144998d5ee0b74293b,
        type: 3}
      propertyPath: rilevatoreLivelloPrecedente
      value: 
      objectReference: {fileID: 680529879}
    - target: {fileID: 2155979930214060971, guid: 7f84b046c1cd23144998d5ee0b74293b,
        type: 3}
      propertyPath: rilevatoreLivelloSuccessivo
      value: 
      objectReference: {fileID: 680529878}
    - target: {fileID: 193427323954203628, guid: 7f84b046c1cd23144998d5ee0b74293b,
        type: 3}
      propertyPath: m_Enabled
      value: 1
      objectReference: {fileID: 0}
    m_RemovedComponents: []
  m_SourcePrefab: {fileID: 100100000, guid: 7f84b046c1cd23144998d5ee0b74293b, type: 3}
--- !u!114 &680529878 stripped
MonoBehaviour:
  m_CorrespondingSourceObject: {fileID: 2155979930214060974, guid: 7f84b046c1cd23144998d5ee0b74293b,
    type: 3}
  m_PrefabInstance: {fileID: 680529877}
  m_PrefabAsset: {fileID: 0}
  m_GameObject: {fileID: 0}
  m_Enabled: 1
  m_EditorHideFlags: 0
  m_Script: {fileID: 11500000, guid: f541cde0eca1af78dbb7a3f27035fd85, type: 3}
  m_Name: 
  m_EditorClassIdentifier: 
--- !u!114 &680529879 stripped
MonoBehaviour:
  m_CorrespondingSourceObject: {fileID: 2155979930214060969, guid: 7f84b046c1cd23144998d5ee0b74293b,
    type: 3}
  m_PrefabInstance: {fileID: 680529877}
  m_PrefabAsset: {fileID: 0}
  m_GameObject: {fileID: 0}
  m_Enabled: 1
  m_EditorHideFlags: 0
  m_Script: {fileID: 11500000, guid: f541cde0eca1af78dbb7a3f27035fd85, type: 3}
  m_Name: 
  m_EditorClassIdentifier: 
--- !u!1001 &887289489
PrefabInstance:
  m_ObjectHideFlags: 0
  serializedVersion: 2
  m_Modification:
    m_TransformParent: {fileID: 0}
    m_Modifications:
    - target: {fileID: 2155979930214060968, guid: 7f84b046c1cd23144998d5ee0b74293b,
        type: 3}
      propertyPath: m_Name
      value: CorridoioNuovo 2-3
      objectReference: {fileID: 0}
    - target: {fileID: 2557180666730859554, guid: 7f84b046c1cd23144998d5ee0b74293b,
        type: 3}
      propertyPath: m_LocalPosition.x
      value: 74.523254
      objectReference: {fileID: 0}
    - target: {fileID: 2557180666730859554, guid: 7f84b046c1cd23144998d5ee0b74293b,
        type: 3}
      propertyPath: m_LocalPosition.y
      value: 8.92
      objectReference: {fileID: 0}
    - target: {fileID: 2557180666730859554, guid: 7f84b046c1cd23144998d5ee0b74293b,
        type: 3}
      propertyPath: m_LocalPosition.z
      value: 1.9
      objectReference: {fileID: 0}
    - target: {fileID: 2557180666730859554, guid: 7f84b046c1cd23144998d5ee0b74293b,
        type: 3}
      propertyPath: m_LocalRotation.x
      value: -0
      objectReference: {fileID: 0}
    - target: {fileID: 2557180666730859554, guid: 7f84b046c1cd23144998d5ee0b74293b,
        type: 3}
      propertyPath: m_LocalRotation.y
      value: -0
      objectReference: {fileID: 0}
    - target: {fileID: 2557180666730859554, guid: 7f84b046c1cd23144998d5ee0b74293b,
        type: 3}
      propertyPath: m_LocalRotation.z
      value: -0
      objectReference: {fileID: 0}
    - target: {fileID: 2557180666730859554, guid: 7f84b046c1cd23144998d5ee0b74293b,
        type: 3}
      propertyPath: m_LocalRotation.w
      value: 1
      objectReference: {fileID: 0}
    - target: {fileID: 2557180666730859554, guid: 7f84b046c1cd23144998d5ee0b74293b,
        type: 3}
      propertyPath: m_RootOrder
      value: 8
      objectReference: {fileID: 0}
    - target: {fileID: 2557180666730859554, guid: 7f84b046c1cd23144998d5ee0b74293b,
        type: 3}
      propertyPath: m_LocalEulerAnglesHint.x
      value: 0
      objectReference: {fileID: 0}
    - target: {fileID: 2557180666730859554, guid: 7f84b046c1cd23144998d5ee0b74293b,
        type: 3}
      propertyPath: m_LocalEulerAnglesHint.y
      value: 0
      objectReference: {fileID: 0}
    - target: {fileID: 2557180666730859554, guid: 7f84b046c1cd23144998d5ee0b74293b,
        type: 3}
      propertyPath: m_LocalEulerAnglesHint.z
      value: 0
      objectReference: {fileID: 0}
    - target: {fileID: 2557180666730859554, guid: 7f84b046c1cd23144998d5ee0b74293b,
        type: 3}
      propertyPath: m_LocalScale.x
      value: 2.4155254
      objectReference: {fileID: 0}
    - target: {fileID: 2557180666730859554, guid: 7f84b046c1cd23144998d5ee0b74293b,
        type: 3}
      propertyPath: m_LocalScale.y
      value: 2.4155254
      objectReference: {fileID: 0}
    - target: {fileID: 2557180666730859554, guid: 7f84b046c1cd23144998d5ee0b74293b,
        type: 3}
      propertyPath: m_LocalScale.z
      value: 2.4155254
      objectReference: {fileID: 0}
    - target: {fileID: 2155979930214060971, guid: 7f84b046c1cd23144998d5ee0b74293b,
        type: 3}
      propertyPath: nomeScenaPrecedente
      value: LvL2
      objectReference: {fileID: 0}
    - target: {fileID: 2155979930214060971, guid: 7f84b046c1cd23144998d5ee0b74293b,
        type: 3}
      propertyPath: nomeScenaSuccessiva
      value: LvL3
      objectReference: {fileID: 0}
    - target: {fileID: 2155979930214060971, guid: 7f84b046c1cd23144998d5ee0b74293b,
        type: 3}
      propertyPath: rilevatoreLivelloPrecedente
      value: 
      objectReference: {fileID: 887289491}
    - target: {fileID: 2155979930214060971, guid: 7f84b046c1cd23144998d5ee0b74293b,
        type: 3}
      propertyPath: rilevatoreLivelloSuccessivo
      value: 
      objectReference: {fileID: 887289490}
    - target: {fileID: 193427323954203628, guid: 7f84b046c1cd23144998d5ee0b74293b,
        type: 3}
      propertyPath: m_Enabled
      value: 1
      objectReference: {fileID: 0}
    m_RemovedComponents: []
  m_SourcePrefab: {fileID: 100100000, guid: 7f84b046c1cd23144998d5ee0b74293b, type: 3}
--- !u!114 &887289490 stripped
MonoBehaviour:
  m_CorrespondingSourceObject: {fileID: 2155979930214060974, guid: 7f84b046c1cd23144998d5ee0b74293b,
    type: 3}
  m_PrefabInstance: {fileID: 887289489}
  m_PrefabAsset: {fileID: 0}
  m_GameObject: {fileID: 0}
  m_Enabled: 1
  m_EditorHideFlags: 0
  m_Script: {fileID: 11500000, guid: f541cde0eca1af78dbb7a3f27035fd85, type: 3}
  m_Name: 
  m_EditorClassIdentifier: 
--- !u!114 &887289491 stripped
MonoBehaviour:
  m_CorrespondingSourceObject: {fileID: 2155979930214060969, guid: 7f84b046c1cd23144998d5ee0b74293b,
    type: 3}
  m_PrefabInstance: {fileID: 887289489}
  m_PrefabAsset: {fileID: 0}
  m_GameObject: {fileID: 0}
  m_Enabled: 1
  m_EditorHideFlags: 0
  m_Script: {fileID: 11500000, guid: f541cde0eca1af78dbb7a3f27035fd85, type: 3}
  m_Name: 
  m_EditorClassIdentifier: 
--- !u!1001 &1100440650
PrefabInstance:
  m_ObjectHideFlags: 0
  serializedVersion: 2
  m_Modification:
    m_TransformParent: {fileID: 0}
    m_Modifications:
    - target: {fileID: 2155979930214060968, guid: 7f84b046c1cd23144998d5ee0b74293b,
        type: 3}
      propertyPath: m_Name
      value: CorridoioNuovo 6-7
      objectReference: {fileID: 0}
    - target: {fileID: 2557180666730859554, guid: 7f84b046c1cd23144998d5ee0b74293b,
        type: 3}
      propertyPath: m_LocalPosition.x
      value: 273.64795
      objectReference: {fileID: 0}
    - target: {fileID: 2557180666730859554, guid: 7f84b046c1cd23144998d5ee0b74293b,
        type: 3}
      propertyPath: m_LocalPosition.y
      value: 23.168999
      objectReference: {fileID: 0}
    - target: {fileID: 2557180666730859554, guid: 7f84b046c1cd23144998d5ee0b74293b,
        type: 3}
      propertyPath: m_LocalPosition.z
      value: 17.531
      objectReference: {fileID: 0}
    - target: {fileID: 2557180666730859554, guid: 7f84b046c1cd23144998d5ee0b74293b,
        type: 3}
      propertyPath: m_LocalRotation.x
      value: -0.0009908836
      objectReference: {fileID: 0}
    - target: {fileID: 2557180666730859554, guid: 7f84b046c1cd23144998d5ee0b74293b,
        type: 3}
      propertyPath: m_LocalRotation.y
      value: 0.0005181319
      objectReference: {fileID: 0}
    - target: {fileID: 2557180666730859554, guid: 7f84b046c1cd23144998d5ee0b74293b,
        type: 3}
      propertyPath: m_LocalRotation.z
      value: -0.0005781829
      objectReference: {fileID: 0}
    - target: {fileID: 2557180666730859554, guid: 7f84b046c1cd23144998d5ee0b74293b,
        type: 3}
      propertyPath: m_LocalRotation.w
      value: 0.9999992
      objectReference: {fileID: 0}
    - target: {fileID: 2557180666730859554, guid: 7f84b046c1cd23144998d5ee0b74293b,
        type: 3}
      propertyPath: m_RootOrder
      value: 12
      objectReference: {fileID: 0}
    - target: {fileID: 2557180666730859554, guid: 7f84b046c1cd23144998d5ee0b74293b,
        type: 3}
      propertyPath: m_LocalEulerAnglesHint.x
      value: -0.11400001
      objectReference: {fileID: 0}
    - target: {fileID: 2557180666730859554, guid: 7f84b046c1cd23144998d5ee0b74293b,
        type: 3}
      propertyPath: m_LocalEulerAnglesHint.y
      value: 0.059000004
      objectReference: {fileID: 0}
    - target: {fileID: 2557180666730859554, guid: 7f84b046c1cd23144998d5ee0b74293b,
        type: 3}
      propertyPath: m_LocalEulerAnglesHint.z
      value: -0.066
      objectReference: {fileID: 0}
    - target: {fileID: 2557180666730859554, guid: 7f84b046c1cd23144998d5ee0b74293b,
        type: 3}
      propertyPath: m_LocalScale.x
      value: 1.7076393
      objectReference: {fileID: 0}
    - target: {fileID: 2557180666730859554, guid: 7f84b046c1cd23144998d5ee0b74293b,
        type: 3}
      propertyPath: m_LocalScale.y
      value: 2.4074807
      objectReference: {fileID: 0}
    - target: {fileID: 2557180666730859554, guid: 7f84b046c1cd23144998d5ee0b74293b,
        type: 3}
      propertyPath: m_LocalScale.z
      value: 2.2898235
      objectReference: {fileID: 0}
    - target: {fileID: 2155979930214060971, guid: 7f84b046c1cd23144998d5ee0b74293b,
        type: 3}
      propertyPath: nomeScenaPrecedente
      value: LvL6
      objectReference: {fileID: 0}
    - target: {fileID: 2155979930214060971, guid: 7f84b046c1cd23144998d5ee0b74293b,
        type: 3}
      propertyPath: nomeScenaSuccessiva
      value: LvL7
      objectReference: {fileID: 0}
    - target: {fileID: 2155979930214060971, guid: 7f84b046c1cd23144998d5ee0b74293b,
        type: 3}
      propertyPath: rilevatoreLivelloPrecedente
      value: 
      objectReference: {fileID: 1100440652}
    - target: {fileID: 2155979930214060971, guid: 7f84b046c1cd23144998d5ee0b74293b,
        type: 3}
      propertyPath: rilevatoreLivelloSuccessivo
      value: 
      objectReference: {fileID: 1100440651}
    - target: {fileID: 193427323954203628, guid: 7f84b046c1cd23144998d5ee0b74293b,
        type: 3}
      propertyPath: m_Enabled
      value: 1
      objectReference: {fileID: 0}
    m_RemovedComponents: []
  m_SourcePrefab: {fileID: 100100000, guid: 7f84b046c1cd23144998d5ee0b74293b, type: 3}
--- !u!114 &1100440651 stripped
MonoBehaviour:
  m_CorrespondingSourceObject: {fileID: 2155979930214060974, guid: 7f84b046c1cd23144998d5ee0b74293b,
    type: 3}
  m_PrefabInstance: {fileID: 1100440650}
  m_PrefabAsset: {fileID: 0}
  m_GameObject: {fileID: 0}
  m_Enabled: 1
  m_EditorHideFlags: 0
  m_Script: {fileID: 11500000, guid: f541cde0eca1af78dbb7a3f27035fd85, type: 3}
  m_Name: 
  m_EditorClassIdentifier: 
--- !u!114 &1100440652 stripped
MonoBehaviour:
  m_CorrespondingSourceObject: {fileID: 2155979930214060969, guid: 7f84b046c1cd23144998d5ee0b74293b,
    type: 3}
  m_PrefabInstance: {fileID: 1100440650}
  m_PrefabAsset: {fileID: 0}
  m_GameObject: {fileID: 0}
  m_Enabled: 1
  m_EditorHideFlags: 0
  m_Script: {fileID: 11500000, guid: f541cde0eca1af78dbb7a3f27035fd85, type: 3}
  m_Name: 
  m_EditorClassIdentifier: 
--- !u!1001 &1523430072
PrefabInstance:
  m_ObjectHideFlags: 0
  serializedVersion: 2
  m_Modification:
    m_TransformParent: {fileID: 0}
    m_Modifications:
    - target: {fileID: 8153578155034786509, guid: 5a811fff7f5df5ed295054530b1ebc3c,
        type: 3}
      propertyPath: m_Name
      value: CorridoioCaricamento3-4
      objectReference: {fileID: 0}
    - target: {fileID: 8153578155034786509, guid: 5a811fff7f5df5ed295054530b1ebc3c,
        type: 3}
      propertyPath: m_IsActive
      value: 0
      objectReference: {fileID: 0}
    - target: {fileID: 5151007436981487838, guid: 5a811fff7f5df5ed295054530b1ebc3c,
        type: 3}
      propertyPath: m_LocalPosition.x
      value: 132.34
      objectReference: {fileID: 0}
    - target: {fileID: 5151007436981487838, guid: 5a811fff7f5df5ed295054530b1ebc3c,
        type: 3}
      propertyPath: m_LocalPosition.y
      value: 10.1
      objectReference: {fileID: 0}
    - target: {fileID: 5151007436981487838, guid: 5a811fff7f5df5ed295054530b1ebc3c,
        type: 3}
      propertyPath: m_LocalPosition.z
      value: 4.73
      objectReference: {fileID: 0}
    - target: {fileID: 5151007436981487838, guid: 5a811fff7f5df5ed295054530b1ebc3c,
        type: 3}
      propertyPath: m_LocalRotation.x
      value: -0.0009908836
      objectReference: {fileID: 0}
    - target: {fileID: 5151007436981487838, guid: 5a811fff7f5df5ed295054530b1ebc3c,
        type: 3}
      propertyPath: m_LocalRotation.y
      value: 0.0005181319
      objectReference: {fileID: 0}
    - target: {fileID: 5151007436981487838, guid: 5a811fff7f5df5ed295054530b1ebc3c,
        type: 3}
      propertyPath: m_LocalRotation.z
      value: -0.0005781829
      objectReference: {fileID: 0}
    - target: {fileID: 5151007436981487838, guid: 5a811fff7f5df5ed295054530b1ebc3c,
        type: 3}
      propertyPath: m_LocalRotation.w
      value: 0.9999992
      objectReference: {fileID: 0}
    - target: {fileID: 5151007436981487838, guid: 5a811fff7f5df5ed295054530b1ebc3c,
        type: 3}
      propertyPath: m_RootOrder
      value: 2
      objectReference: {fileID: 0}
    - target: {fileID: 5151007436981487838, guid: 5a811fff7f5df5ed295054530b1ebc3c,
        type: 3}
      propertyPath: m_LocalEulerAnglesHint.x
      value: -0.11400001
      objectReference: {fileID: 0}
    - target: {fileID: 5151007436981487838, guid: 5a811fff7f5df5ed295054530b1ebc3c,
        type: 3}
      propertyPath: m_LocalEulerAnglesHint.y
      value: 0.059000004
      objectReference: {fileID: 0}
    - target: {fileID: 5151007436981487838, guid: 5a811fff7f5df5ed295054530b1ebc3c,
        type: 3}
      propertyPath: m_LocalEulerAnglesHint.z
      value: -0.066
      objectReference: {fileID: 0}
    - target: {fileID: 5151007436981487838, guid: 5a811fff7f5df5ed295054530b1ebc3c,
        type: 3}
      propertyPath: m_LocalScale.x
      value: 1.5
      objectReference: {fileID: 0}
    - target: {fileID: 5151007436981487838, guid: 5a811fff7f5df5ed295054530b1ebc3c,
        type: 3}
      propertyPath: m_LocalScale.y
      value: 2.415525
      objectReference: {fileID: 0}
    - target: {fileID: 5151007436981487838, guid: 5a811fff7f5df5ed295054530b1ebc3c,
        type: 3}
      propertyPath: m_LocalScale.z
      value: 2.415525
      objectReference: {fileID: 0}
    - target: {fileID: 8757563553345036409, guid: 5a811fff7f5df5ed295054530b1ebc3c,
        type: 3}
      propertyPath: nomeScenaPrecedente
      value: LvL3
      objectReference: {fileID: 0}
    - target: {fileID: 8757563553345036409, guid: 5a811fff7f5df5ed295054530b1ebc3c,
        type: 3}
      propertyPath: nomeScenaSuccessiva
      value: LvL4
      objectReference: {fileID: 0}
    - target: {fileID: 5986784781157318063, guid: 5a811fff7f5df5ed295054530b1ebc3c,
        type: 3}
      propertyPath: m_LocalPosition.x
      value: 5.89
      objectReference: {fileID: 0}
    - target: {fileID: 5986784781157318063, guid: 5a811fff7f5df5ed295054530b1ebc3c,
        type: 3}
      propertyPath: m_LocalPosition.z
      value: -0.53
      objectReference: {fileID: 0}
    - target: {fileID: 5986784781157318063, guid: 5a811fff7f5df5ed295054530b1ebc3c,
        type: 3}
      propertyPath: m_LocalPosition.y
      value: 0.931
      objectReference: {fileID: 0}
    - target: {fileID: 4810054531868628906, guid: 5a811fff7f5df5ed295054530b1ebc3c,
        type: 3}
      propertyPath: m_LocalPosition.x
      value: 5.89
      objectReference: {fileID: 0}
    - target: {fileID: 4810054531868628906, guid: 5a811fff7f5df5ed295054530b1ebc3c,
        type: 3}
      propertyPath: m_LocalPosition.z
      value: 0.886
      objectReference: {fileID: 0}
    - target: {fileID: 4810054531868628906, guid: 5a811fff7f5df5ed295054530b1ebc3c,
        type: 3}
      propertyPath: m_LocalPosition.y
      value: 0.931
      objectReference: {fileID: 0}
    - target: {fileID: 1746271217752138257, guid: 5a811fff7f5df5ed295054530b1ebc3c,
        type: 3}
      propertyPath: m_LocalPosition.x
      value: 5.7980204
      objectReference: {fileID: 0}
    - target: {fileID: 714359839417681940, guid: 5a811fff7f5df5ed295054530b1ebc3c,
        type: 3}
      propertyPath: m_LocalPosition.x
      value: 5.798
      objectReference: {fileID: 0}
    m_RemovedComponents: []
  m_SourcePrefab: {fileID: 100100000, guid: 5a811fff7f5df5ed295054530b1ebc3c, type: 3}
--- !u!1001 &1727716302
PrefabInstance:
  m_ObjectHideFlags: 0
  serializedVersion: 2
  m_Modification:
    m_TransformParent: {fileID: 0}
    m_Modifications:
    - target: {fileID: 2155979930214060968, guid: 7f84b046c1cd23144998d5ee0b74293b,
        type: 3}
      propertyPath: m_Name
      value: CorridoioNuovo 4-5
      objectReference: {fileID: 0}
    - target: {fileID: 2557180666730859554, guid: 7f84b046c1cd23144998d5ee0b74293b,
        type: 3}
      propertyPath: m_LocalPosition.x
      value: 182.24
      objectReference: {fileID: 0}
    - target: {fileID: 2557180666730859554, guid: 7f84b046c1cd23144998d5ee0b74293b,
        type: 3}
      propertyPath: m_LocalPosition.y
      value: 12.54
      objectReference: {fileID: 0}
    - target: {fileID: 2557180666730859554, guid: 7f84b046c1cd23144998d5ee0b74293b,
        type: 3}
      propertyPath: m_LocalPosition.z
      value: 5.3806
      objectReference: {fileID: 0}
    - target: {fileID: 2557180666730859554, guid: 7f84b046c1cd23144998d5ee0b74293b,
        type: 3}
      propertyPath: m_LocalRotation.x
      value: -0.0009908836
      objectReference: {fileID: 0}
    - target: {fileID: 2557180666730859554, guid: 7f84b046c1cd23144998d5ee0b74293b,
        type: 3}
      propertyPath: m_LocalRotation.y
      value: 0.0005181319
      objectReference: {fileID: 0}
    - target: {fileID: 2557180666730859554, guid: 7f84b046c1cd23144998d5ee0b74293b,
        type: 3}
      propertyPath: m_LocalRotation.z
      value: -0.0005781829
      objectReference: {fileID: 0}
    - target: {fileID: 2557180666730859554, guid: 7f84b046c1cd23144998d5ee0b74293b,
        type: 3}
      propertyPath: m_LocalRotation.w
      value: 0.9999992
      objectReference: {fileID: 0}
    - target: {fileID: 2557180666730859554, guid: 7f84b046c1cd23144998d5ee0b74293b,
        type: 3}
      propertyPath: m_RootOrder
      value: 10
      objectReference: {fileID: 0}
    - target: {fileID: 2557180666730859554, guid: 7f84b046c1cd23144998d5ee0b74293b,
        type: 3}
      propertyPath: m_LocalEulerAnglesHint.x
      value: -0.11400001
      objectReference: {fileID: 0}
    - target: {fileID: 2557180666730859554, guid: 7f84b046c1cd23144998d5ee0b74293b,
        type: 3}
      propertyPath: m_LocalEulerAnglesHint.y
      value: 0.059000004
      objectReference: {fileID: 0}
    - target: {fileID: 2557180666730859554, guid: 7f84b046c1cd23144998d5ee0b74293b,
        type: 3}
      propertyPath: m_LocalEulerAnglesHint.z
      value: -0.066
      objectReference: {fileID: 0}
    - target: {fileID: 2557180666730859554, guid: 7f84b046c1cd23144998d5ee0b74293b,
        type: 3}
      propertyPath: m_LocalScale.x
      value: 1.7007817
      objectReference: {fileID: 0}
    - target: {fileID: 2557180666730859554, guid: 7f84b046c1cd23144998d5ee0b74293b,
        type: 3}
      propertyPath: m_LocalScale.y
      value: 2.3477561
      objectReference: {fileID: 0}
    - target: {fileID: 2557180666730859554, guid: 7f84b046c1cd23144998d5ee0b74293b,
        type: 3}
      propertyPath: m_LocalScale.z
      value: 2.2898235
      objectReference: {fileID: 0}
    - target: {fileID: 2155979930214060971, guid: 7f84b046c1cd23144998d5ee0b74293b,
        type: 3}
      propertyPath: nomeScenaPrecedente
      value: LvL4
      objectReference: {fileID: 0}
    - target: {fileID: 2155979930214060971, guid: 7f84b046c1cd23144998d5ee0b74293b,
        type: 3}
      propertyPath: nomeScenaSuccessiva
      value: LvL5
      objectReference: {fileID: 0}
    - target: {fileID: 2155979930214060971, guid: 7f84b046c1cd23144998d5ee0b74293b,
        type: 3}
      propertyPath: rilevatoreLivelloPrecedente
      value: 
      objectReference: {fileID: 1727716304}
    - target: {fileID: 2155979930214060971, guid: 7f84b046c1cd23144998d5ee0b74293b,
        type: 3}
      propertyPath: rilevatoreLivelloSuccessivo
      value: 
      objectReference: {fileID: 1727716303}
    - target: {fileID: 193427323954203628, guid: 7f84b046c1cd23144998d5ee0b74293b,
        type: 3}
      propertyPath: m_Enabled
      value: 1
      objectReference: {fileID: 0}
    m_RemovedComponents: []
  m_SourcePrefab: {fileID: 100100000, guid: 7f84b046c1cd23144998d5ee0b74293b, type: 3}
--- !u!114 &1727716303 stripped
MonoBehaviour:
  m_CorrespondingSourceObject: {fileID: 2155979930214060974, guid: 7f84b046c1cd23144998d5ee0b74293b,
    type: 3}
  m_PrefabInstance: {fileID: 1727716302}
  m_PrefabAsset: {fileID: 0}
  m_GameObject: {fileID: 0}
  m_Enabled: 1
  m_EditorHideFlags: 0
  m_Script: {fileID: 11500000, guid: f541cde0eca1af78dbb7a3f27035fd85, type: 3}
  m_Name: 
  m_EditorClassIdentifier: 
--- !u!114 &1727716304 stripped
MonoBehaviour:
  m_CorrespondingSourceObject: {fileID: 2155979930214060969, guid: 7f84b046c1cd23144998d5ee0b74293b,
    type: 3}
  m_PrefabInstance: {fileID: 1727716302}
  m_PrefabAsset: {fileID: 0}
  m_GameObject: {fileID: 0}
  m_Enabled: 1
  m_EditorHideFlags: 0
  m_Script: {fileID: 11500000, guid: f541cde0eca1af78dbb7a3f27035fd85, type: 3}
  m_Name: 
  m_EditorClassIdentifier: 
--- !u!1001 &1942877750
PrefabInstance:
  m_ObjectHideFlags: 0
  serializedVersion: 2
  m_Modification:
    m_TransformParent: {fileID: 0}
    m_Modifications:
    - target: {fileID: 8153578155034786509, guid: 5a811fff7f5df5ed295054530b1ebc3c,
        type: 3}
      propertyPath: m_Name
      value: CorridoioCaricamento 4-5
      objectReference: {fileID: 0}
    - target: {fileID: 8153578155034786509, guid: 5a811fff7f5df5ed295054530b1ebc3c,
        type: 3}
      propertyPath: m_IsActive
      value: 0
      objectReference: {fileID: 0}
    - target: {fileID: 5151007436981487838, guid: 5a811fff7f5df5ed295054530b1ebc3c,
        type: 3}
      propertyPath: m_LocalPosition.x
      value: 192.23
      objectReference: {fileID: 0}
    - target: {fileID: 5151007436981487838, guid: 5a811fff7f5df5ed295054530b1ebc3c,
        type: 3}
      propertyPath: m_LocalPosition.y
      value: 9.87
      objectReference: {fileID: 0}
    - target: {fileID: 5151007436981487838, guid: 5a811fff7f5df5ed295054530b1ebc3c,
        type: 3}
      propertyPath: m_LocalPosition.z
      value: 4.66
      objectReference: {fileID: 0}
    - target: {fileID: 5151007436981487838, guid: 5a811fff7f5df5ed295054530b1ebc3c,
        type: 3}
      propertyPath: m_LocalRotation.x
      value: -0.0009908836
      objectReference: {fileID: 0}
    - target: {fileID: 5151007436981487838, guid: 5a811fff7f5df5ed295054530b1ebc3c,
        type: 3}
      propertyPath: m_LocalRotation.y
      value: 0.0005181319
      objectReference: {fileID: 0}
    - target: {fileID: 5151007436981487838, guid: 5a811fff7f5df5ed295054530b1ebc3c,
        type: 3}
      propertyPath: m_LocalRotation.z
      value: -0.0005781829
      objectReference: {fileID: 0}
    - target: {fileID: 5151007436981487838, guid: 5a811fff7f5df5ed295054530b1ebc3c,
        type: 3}
      propertyPath: m_LocalRotation.w
      value: 0.9999992
      objectReference: {fileID: 0}
    - target: {fileID: 5151007436981487838, guid: 5a811fff7f5df5ed295054530b1ebc3c,
        type: 3}
      propertyPath: m_RootOrder
      value: 3
      objectReference: {fileID: 0}
    - target: {fileID: 5151007436981487838, guid: 5a811fff7f5df5ed295054530b1ebc3c,
        type: 3}
      propertyPath: m_LocalEulerAnglesHint.x
      value: -0.11400001
      objectReference: {fileID: 0}
    - target: {fileID: 5151007436981487838, guid: 5a811fff7f5df5ed295054530b1ebc3c,
        type: 3}
      propertyPath: m_LocalEulerAnglesHint.y
      value: 0.059000004
      objectReference: {fileID: 0}
    - target: {fileID: 5151007436981487838, guid: 5a811fff7f5df5ed295054530b1ebc3c,
        type: 3}
      propertyPath: m_LocalEulerAnglesHint.z
      value: -0.066
      objectReference: {fileID: 0}
    - target: {fileID: 5151007436981487838, guid: 5a811fff7f5df5ed295054530b1ebc3c,
        type: 3}
      propertyPath: m_LocalScale.x
      value: 1.7076393
      objectReference: {fileID: 0}
    - target: {fileID: 5151007436981487838, guid: 5a811fff7f5df5ed295054530b1ebc3c,
        type: 3}
      propertyPath: m_LocalScale.y
      value: 2.2898235
      objectReference: {fileID: 0}
    - target: {fileID: 5151007436981487838, guid: 5a811fff7f5df5ed295054530b1ebc3c,
        type: 3}
      propertyPath: m_LocalScale.z
      value: 2.2898235
      objectReference: {fileID: 0}
    - target: {fileID: 8757563553345036409, guid: 5a811fff7f5df5ed295054530b1ebc3c,
        type: 3}
      propertyPath: nomeScenaPrecedente
      value: LvL4
      objectReference: {fileID: 0}
    - target: {fileID: 8757563553345036409, guid: 5a811fff7f5df5ed295054530b1ebc3c,
        type: 3}
      propertyPath: nomeScenaSuccessiva
      value: LvL5
      objectReference: {fileID: 0}
    - target: {fileID: 5986784781157318063, guid: 5a811fff7f5df5ed295054530b1ebc3c,
        type: 3}
      propertyPath: m_LocalPosition.x
      value: 5.89
      objectReference: {fileID: 0}
    - target: {fileID: 5986784781157318063, guid: 5a811fff7f5df5ed295054530b1ebc3c,
        type: 3}
      propertyPath: m_LocalPosition.z
      value: -0.53
      objectReference: {fileID: 0}
    - target: {fileID: 5986784781157318063, guid: 5a811fff7f5df5ed295054530b1ebc3c,
        type: 3}
      propertyPath: m_LocalPosition.y
      value: 0.931
      objectReference: {fileID: 0}
    - target: {fileID: 4810054531868628906, guid: 5a811fff7f5df5ed295054530b1ebc3c,
        type: 3}
      propertyPath: m_LocalPosition.x
      value: 5.89
      objectReference: {fileID: 0}
    - target: {fileID: 4810054531868628906, guid: 5a811fff7f5df5ed295054530b1ebc3c,
        type: 3}
      propertyPath: m_LocalPosition.z
      value: 0.886
      objectReference: {fileID: 0}
    - target: {fileID: 4810054531868628906, guid: 5a811fff7f5df5ed295054530b1ebc3c,
        type: 3}
      propertyPath: m_LocalPosition.y
      value: 0.931
      objectReference: {fileID: 0}
    - target: {fileID: 1746271217752138257, guid: 5a811fff7f5df5ed295054530b1ebc3c,
        type: 3}
      propertyPath: m_LocalPosition.x
      value: 5.7980204
      objectReference: {fileID: 0}
    - target: {fileID: 714359839417681940, guid: 5a811fff7f5df5ed295054530b1ebc3c,
        type: 3}
      propertyPath: m_LocalPosition.x
      value: 5.798
      objectReference: {fileID: 0}
    m_RemovedComponents: []
  m_SourcePrefab: {fileID: 100100000, guid: 5a811fff7f5df5ed295054530b1ebc3c, type: 3}
--- !u!1001 &2106043751
PrefabInstance:
  m_ObjectHideFlags: 0
  serializedVersion: 2
  m_Modification:
    m_TransformParent: {fileID: 0}
    m_Modifications:
    - target: {fileID: 8153578155034786509, guid: 5a811fff7f5df5ed295054530b1ebc3c,
        type: 3}
      propertyPath: m_Name
      value: CorridoioCaricamento 7-8
      objectReference: {fileID: 0}
    - target: {fileID: 8153578155034786509, guid: 5a811fff7f5df5ed295054530b1ebc3c,
        type: 3}
      propertyPath: m_IsActive
      value: 0
      objectReference: {fileID: 0}
    - target: {fileID: 5151007436981487838, guid: 5a811fff7f5df5ed295054530b1ebc3c,
        type: 3}
      propertyPath: m_LocalPosition.x
      value: 342.97
      objectReference: {fileID: 0}
    - target: {fileID: 5151007436981487838, guid: 5a811fff7f5df5ed295054530b1ebc3c,
        type: 3}
      propertyPath: m_LocalPosition.y
      value: 20.73
      objectReference: {fileID: 0}
    - target: {fileID: 5151007436981487838, guid: 5a811fff7f5df5ed295054530b1ebc3c,
        type: 3}
      propertyPath: m_LocalPosition.z
      value: 16.42
      objectReference: {fileID: 0}
    - target: {fileID: 5151007436981487838, guid: 5a811fff7f5df5ed295054530b1ebc3c,
        type: 3}
      propertyPath: m_LocalRotation.x
      value: -0.0009908836
      objectReference: {fileID: 0}
    - target: {fileID: 5151007436981487838, guid: 5a811fff7f5df5ed295054530b1ebc3c,
        type: 3}
      propertyPath: m_LocalRotation.y
      value: 0.0005181319
      objectReference: {fileID: 0}
    - target: {fileID: 5151007436981487838, guid: 5a811fff7f5df5ed295054530b1ebc3c,
        type: 3}
      propertyPath: m_LocalRotation.z
      value: -0.0005781829
      objectReference: {fileID: 0}
    - target: {fileID: 5151007436981487838, guid: 5a811fff7f5df5ed295054530b1ebc3c,
        type: 3}
      propertyPath: m_LocalRotation.w
      value: 0.9999992
      objectReference: {fileID: 0}
    - target: {fileID: 5151007436981487838, guid: 5a811fff7f5df5ed295054530b1ebc3c,
        type: 3}
      propertyPath: m_RootOrder
      value: 6
      objectReference: {fileID: 0}
    - target: {fileID: 5151007436981487838, guid: 5a811fff7f5df5ed295054530b1ebc3c,
        type: 3}
      propertyPath: m_LocalEulerAnglesHint.x
      value: -0.11400001
      objectReference: {fileID: 0}
    - target: {fileID: 5151007436981487838, guid: 5a811fff7f5df5ed295054530b1ebc3c,
        type: 3}
      propertyPath: m_LocalEulerAnglesHint.y
      value: 0.059000004
      objectReference: {fileID: 0}
    - target: {fileID: 5151007436981487838, guid: 5a811fff7f5df5ed295054530b1ebc3c,
        type: 3}
      propertyPath: m_LocalEulerAnglesHint.z
      value: -0.066
      objectReference: {fileID: 0}
    - target: {fileID: 5151007436981487838, guid: 5a811fff7f5df5ed295054530b1ebc3c,
        type: 3}
      propertyPath: m_LocalScale.x
      value: 1.7076393
      objectReference: {fileID: 0}
    - target: {fileID: 5151007436981487838, guid: 5a811fff7f5df5ed295054530b1ebc3c,
        type: 3}
      propertyPath: m_LocalScale.y
      value: 2.2898235
      objectReference: {fileID: 0}
    - target: {fileID: 5151007436981487838, guid: 5a811fff7f5df5ed295054530b1ebc3c,
        type: 3}
      propertyPath: m_LocalScale.z
      value: 2.2898235
      objectReference: {fileID: 0}
    - target: {fileID: 8757563553345036409, guid: 5a811fff7f5df5ed295054530b1ebc3c,
        type: 3}
      propertyPath: nomeScenaPrecedente
      value: LvL7
      objectReference: {fileID: 0}
    - target: {fileID: 8757563553345036409, guid: 5a811fff7f5df5ed295054530b1ebc3c,
        type: 3}
      propertyPath: nomeScenaSuccessiva
      value: LvL8
      objectReference: {fileID: 0}
    - target: {fileID: 5986784781157318063, guid: 5a811fff7f5df5ed295054530b1ebc3c,
        type: 3}
      propertyPath: m_LocalPosition.x
      value: 5.89
      objectReference: {fileID: 0}
    - target: {fileID: 5986784781157318063, guid: 5a811fff7f5df5ed295054530b1ebc3c,
        type: 3}
      propertyPath: m_LocalPosition.z
      value: -0.53
      objectReference: {fileID: 0}
    - target: {fileID: 5986784781157318063, guid: 5a811fff7f5df5ed295054530b1ebc3c,
        type: 3}
      propertyPath: m_LocalPosition.y
      value: 0.931
      objectReference: {fileID: 0}
    - target: {fileID: 4810054531868628906, guid: 5a811fff7f5df5ed295054530b1ebc3c,
        type: 3}
      propertyPath: m_LocalPosition.x
      value: 5.89
      objectReference: {fileID: 0}
    - target: {fileID: 4810054531868628906, guid: 5a811fff7f5df5ed295054530b1ebc3c,
        type: 3}
      propertyPath: m_LocalPosition.z
      value: 0.886
      objectReference: {fileID: 0}
    - target: {fileID: 4810054531868628906, guid: 5a811fff7f5df5ed295054530b1ebc3c,
        type: 3}
      propertyPath: m_LocalPosition.y
      value: 0.931
      objectReference: {fileID: 0}
    - target: {fileID: 1746271217752138257, guid: 5a811fff7f5df5ed295054530b1ebc3c,
        type: 3}
      propertyPath: m_LocalPosition.x
      value: 5.7980204
      objectReference: {fileID: 0}
    - target: {fileID: 714359839417681940, guid: 5a811fff7f5df5ed295054530b1ebc3c,
        type: 3}
      propertyPath: m_LocalPosition.x
      value: 5.798
      objectReference: {fileID: 0}
    - target: {fileID: 630731259715699872, guid: 5a811fff7f5df5ed295054530b1ebc3c,
        type: 3}
      propertyPath: m_LocalPosition.z
      value: 0.28
      objectReference: {fileID: 0}
    m_RemovedComponents: []
  m_SourcePrefab: {fileID: 100100000, guid: 5a811fff7f5df5ed295054530b1ebc3c, type: 3}
--- !u!1001 &2123123611
PrefabInstance:
  m_ObjectHideFlags: 0
  serializedVersion: 2
  m_Modification:
    m_TransformParent: {fileID: 7341599965854548135}
    m_Modifications:
    - target: {fileID: 2685571672143780519, guid: 37a46abac719b5f098240b295c330c24,
        type: 3}
      propertyPath: m_Name
      value: TriggerChiusuraPorta
      objectReference: {fileID: 0}
    - target: {fileID: 8019325989885993717, guid: 37a46abac719b5f098240b295c330c24,
        type: 3}
      propertyPath: m_LocalPosition.x
      value: 8.34
      objectReference: {fileID: 0}
    - target: {fileID: 8019325989885993717, guid: 37a46abac719b5f098240b295c330c24,
        type: 3}
      propertyPath: m_LocalPosition.y
      value: -0.01
      objectReference: {fileID: 0}
    - target: {fileID: 8019325989885993717, guid: 37a46abac719b5f098240b295c330c24,
        type: 3}
      propertyPath: m_LocalPosition.z
      value: 0.040615182
      objectReference: {fileID: 0}
    - target: {fileID: 8019325989885993717, guid: 37a46abac719b5f098240b295c330c24,
        type: 3}
      propertyPath: m_LocalRotation.x
      value: -0
      objectReference: {fileID: 0}
    - target: {fileID: 8019325989885993717, guid: 37a46abac719b5f098240b295c330c24,
        type: 3}
      propertyPath: m_LocalRotation.y
      value: -0
      objectReference: {fileID: 0}
    - target: {fileID: 8019325989885993717, guid: 37a46abac719b5f098240b295c330c24,
        type: 3}
      propertyPath: m_LocalRotation.z
      value: -0
      objectReference: {fileID: 0}
    - target: {fileID: 8019325989885993717, guid: 37a46abac719b5f098240b295c330c24,
        type: 3}
      propertyPath: m_LocalRotation.w
      value: 1
      objectReference: {fileID: 0}
    - target: {fileID: 8019325989885993717, guid: 37a46abac719b5f098240b295c330c24,
        type: 3}
      propertyPath: m_RootOrder
      value: 9
      objectReference: {fileID: 0}
    - target: {fileID: 8019325989885993717, guid: 37a46abac719b5f098240b295c330c24,
        type: 3}
      propertyPath: m_LocalEulerAnglesHint.x
      value: 0
      objectReference: {fileID: 0}
    - target: {fileID: 8019325989885993717, guid: 37a46abac719b5f098240b295c330c24,
        type: 3}
      propertyPath: m_LocalEulerAnglesHint.y
      value: 0
      objectReference: {fileID: 0}
    - target: {fileID: 8019325989885993717, guid: 37a46abac719b5f098240b295c330c24,
        type: 3}
      propertyPath: m_LocalEulerAnglesHint.z
      value: 0
      objectReference: {fileID: 0}
    - target: {fileID: 8019325989885993717, guid: 37a46abac719b5f098240b295c330c24,
        type: 3}
      propertyPath: m_LocalScale.x
      value: 0.7805056
      objectReference: {fileID: 0}
    - target: {fileID: 8019325989885993717, guid: 37a46abac719b5f098240b295c330c24,
        type: 3}
      propertyPath: m_LocalScale.y
      value: 0.45153803
      objectReference: {fileID: 0}
    - target: {fileID: 8019325989885993717, guid: 37a46abac719b5f098240b295c330c24,
        type: 3}
      propertyPath: m_LocalScale.z
      value: 0.45153803
      objectReference: {fileID: 0}
    - target: {fileID: 50635966403307853, guid: 37a46abac719b5f098240b295c330c24,
        type: 3}
      propertyPath: m_Size.z
      value: 10.290945
      objectReference: {fileID: 0}
    - target: {fileID: 50635966403307853, guid: 37a46abac719b5f098240b295c330c24,
        type: 3}
      propertyPath: m_Center.z
      value: 0.22549438
      objectReference: {fileID: 0}
    - target: {fileID: 50635966403307853, guid: 37a46abac719b5f098240b295c330c24,
        type: 3}
      propertyPath: m_Size.y
      value: 6.839471
      objectReference: {fileID: 0}
    - target: {fileID: 50635966403307853, guid: 37a46abac719b5f098240b295c330c24,
        type: 3}
      propertyPath: m_Center.y
      value: 0.051686764
      objectReference: {fileID: 0}
    - target: {fileID: 50635966403307853, guid: 37a46abac719b5f098240b295c330c24,
        type: 3}
      propertyPath: m_Size.x
      value: 1.0344911
      objectReference: {fileID: 0}
    - target: {fileID: 50635966403307853, guid: 37a46abac719b5f098240b295c330c24,
        type: 3}
      propertyPath: m_Center.x
      value: 0.089080095
      objectReference: {fileID: 0}
    - target: {fileID: 341806100263668163, guid: 37a46abac719b5f098240b295c330c24,
        type: 3}
      propertyPath: p
      value: 
      objectReference: {fileID: 7341599965854548134}
    m_RemovedComponents: []
  m_SourcePrefab: {fileID: 100100000, guid: 37a46abac719b5f098240b295c330c24, type: 3}
--- !u!64 &2508378989871580711
MeshCollider:
  m_ObjectHideFlags: 0
  m_CorrespondingSourceObject: {fileID: 0}
  m_PrefabInstance: {fileID: 0}
  m_PrefabAsset: {fileID: 0}
  m_GameObject: {fileID: 8153578153663776816}
  m_Material: {fileID: 0}
  m_IsTrigger: 0
  m_Enabled: 1
  serializedVersion: 3
  m_Convex: 1
  m_CookingOptions: 14
  m_Mesh: {fileID: 5177734938494646998, guid: e43e7bb04a6bacc45a49ed3fdd53b884, type: 3}
--- !u!33 &4190330375192051733
MeshFilter:
  m_ObjectHideFlags: 0
  m_CorrespondingSourceObject: {fileID: 0}
  m_PrefabInstance: {fileID: 0}
  m_PrefabAsset: {fileID: 0}
  m_GameObject: {fileID: 8153578153663776816}
  m_Mesh: {fileID: 5177734938494646998, guid: e43e7bb04a6bacc45a49ed3fdd53b884, type: 3}
--- !u!4 &5151007438884125219
Transform:
  m_ObjectHideFlags: 0
  m_CorrespondingSourceObject: {fileID: 0}
  m_PrefabInstance: {fileID: 0}
  m_PrefabAsset: {fileID: 0}
  m_GameObject: {fileID: 8153578153663776816}
  m_LocalRotation: {x: -0, y: -0, z: -0, w: 1}
  m_LocalPosition: {x: 26.92, y: 0.3, z: 1.67}
  m_LocalScale: {x: 1.2605141, y: 2.2146533, z: 2.2146533}
  m_Children: []
  m_Father: {fileID: 0}
  m_RootOrder: 0
  m_LocalEulerAnglesHint: {x: 0, y: 0, z: 0}
--- !u!1001 &7341599965854548133
PrefabInstance:
  m_ObjectHideFlags: 0
  serializedVersion: 2
  m_Modification:
    m_TransformParent: {fileID: 0}
    m_Modifications:
    - target: {fileID: 2155979930214060968, guid: 7f84b046c1cd23144998d5ee0b74293b,
        type: 3}
      propertyPath: m_Name
      value: CorridoioNuovo 1-2
      objectReference: {fileID: 0}
    - target: {fileID: 2155979930214060968, guid: 7f84b046c1cd23144998d5ee0b74293b,
        type: 3}
      propertyPath: m_IsActive
      value: 1
      objectReference: {fileID: 0}
    - target: {fileID: 2557180666730859554, guid: 7f84b046c1cd23144998d5ee0b74293b,
        type: 3}
      propertyPath: m_LocalPosition.x
      value: 19.751
      objectReference: {fileID: 0}
    - target: {fileID: 2557180666730859554, guid: 7f84b046c1cd23144998d5ee0b74293b,
        type: 3}
      propertyPath: m_LocalPosition.y
      value: 2.93
      objectReference: {fileID: 0}
    - target: {fileID: 2557180666730859554, guid: 7f84b046c1cd23144998d5ee0b74293b,
        type: 3}
      propertyPath: m_LocalPosition.z
      value: 1.9800514
      objectReference: {fileID: 0}
    - target: {fileID: 2557180666730859554, guid: 7f84b046c1cd23144998d5ee0b74293b,
        type: 3}
      propertyPath: m_LocalRotation.x
      value: -0
      objectReference: {fileID: 0}
    - target: {fileID: 2557180666730859554, guid: 7f84b046c1cd23144998d5ee0b74293b,
        type: 3}
      propertyPath: m_LocalRotation.y
      value: -0
      objectReference: {fileID: 0}
    - target: {fileID: 2557180666730859554, guid: 7f84b046c1cd23144998d5ee0b74293b,
        type: 3}
      propertyPath: m_LocalRotation.z
      value: -0
      objectReference: {fileID: 0}
    - target: {fileID: 2557180666730859554, guid: 7f84b046c1cd23144998d5ee0b74293b,
        type: 3}
      propertyPath: m_LocalRotation.w
      value: 1
      objectReference: {fileID: 0}
    - target: {fileID: 2557180666730859554, guid: 7f84b046c1cd23144998d5ee0b74293b,
        type: 3}
      propertyPath: m_RootOrder
      value: 7
      objectReference: {fileID: 0}
    - target: {fileID: 2557180666730859554, guid: 7f84b046c1cd23144998d5ee0b74293b,
        type: 3}
      propertyPath: m_LocalEulerAnglesHint.x
      value: 0
      objectReference: {fileID: 0}
    - target: {fileID: 2557180666730859554, guid: 7f84b046c1cd23144998d5ee0b74293b,
        type: 3}
      propertyPath: m_LocalEulerAnglesHint.y
      value: 0
      objectReference: {fileID: 0}
    - target: {fileID: 2557180666730859554, guid: 7f84b046c1cd23144998d5ee0b74293b,
        type: 3}
      propertyPath: m_LocalEulerAnglesHint.z
      value: 0
      objectReference: {fileID: 0}
    - target: {fileID: 2557180666730859554, guid: 7f84b046c1cd23144998d5ee0b74293b,
        type: 3}
      propertyPath: m_LocalScale.x
      value: 1.2812208
      objectReference: {fileID: 0}
    - target: {fileID: 2557180666730859554, guid: 7f84b046c1cd23144998d5ee0b74293b,
        type: 3}
      propertyPath: m_LocalScale.y
      value: 2.214653
      objectReference: {fileID: 0}
    - target: {fileID: 2557180666730859554, guid: 7f84b046c1cd23144998d5ee0b74293b,
        type: 3}
      propertyPath: m_LocalScale.z
      value: 2.214653
      objectReference: {fileID: 0}
    - target: {fileID: 2155979930214060971, guid: 7f84b046c1cd23144998d5ee0b74293b,
        type: 3}
      propertyPath: nomeScenaPrecedente
      value: LvL1
      objectReference: {fileID: 0}
    - target: {fileID: 3448752003411219641, guid: 7f84b046c1cd23144998d5ee0b74293b,
        type: 3}
      propertyPath: m_Enabled
      value: 1
      objectReference: {fileID: 0}
    - target: {fileID: 193427323954203628, guid: 7f84b046c1cd23144998d5ee0b74293b,
        type: 3}
      propertyPath: m_Enabled
      value: 1
      objectReference: {fileID: 0}
    m_RemovedComponents: []
  m_SourcePrefab: {fileID: 100100000, guid: 7f84b046c1cd23144998d5ee0b74293b, type: 3}
--- !u!114 &7341599965854548134 stripped
MonoBehaviour:
  m_CorrespondingSourceObject: {fileID: 4044056887385785552, guid: 7f84b046c1cd23144998d5ee0b74293b,
    type: 3}
  m_PrefabInstance: {fileID: 7341599965854548133}
  m_PrefabAsset: {fileID: 0}
  m_GameObject: {fileID: 0}
  m_Enabled: 1
  m_EditorHideFlags: 0
  m_Script: {fileID: 11500000, guid: bd6b3a09a37d095c683da0e69053841b, type: 3}
  m_Name: 
  m_EditorClassIdentifier: 
--- !u!4 &7341599965854548135 stripped
Transform:
  m_CorrespondingSourceObject: {fileID: 2557180666730859554, guid: 7f84b046c1cd23144998d5ee0b74293b,
    type: 3}
  m_PrefabInstance: {fileID: 7341599965854548133}
  m_PrefabAsset: {fileID: 0}
--- !u!23 &7573790328878136556
MeshRenderer:
  m_ObjectHideFlags: 0
  m_CorrespondingSourceObject: {fileID: 0}
  m_PrefabInstance: {fileID: 0}
  m_PrefabAsset: {fileID: 0}
  m_GameObject: {fileID: 8153578153663776816}
  m_Enabled: 1
  m_CastShadows: 1
  m_ReceiveShadows: 1
  m_DynamicOccludee: 1
  m_MotionVectors: 1
  m_LightProbeUsage: 1
  m_ReflectionProbeUsage: 1
  m_RenderingLayerMask: 1
  m_RendererPriority: 0
  m_Materials:
  - {fileID: 2100000, guid: 0b406733b798a764dae49bab142d96ce, type: 2}
  m_StaticBatchInfo:
    firstSubMesh: 0
    subMeshCount: 0
  m_StaticBatchRoot: {fileID: 0}
  m_ProbeAnchor: {fileID: 0}
  m_LightProbeVolumeOverride: {fileID: 0}
  m_ScaleInLightmap: 1
  m_ReceiveGI: 1
  m_PreserveUVs: 0
  m_IgnoreNormalsForChartDetection: 0
  m_ImportantGI: 0
  m_StitchLightmapSeams: 1
  m_SelectedEditorRenderState: 3
  m_MinimumChartSize: 4
  m_AutoUVMaxDistance: 0.5
  m_AutoUVMaxAngle: 89
  m_LightmapParameters: {fileID: 0}
  m_SortingLayerID: 0
  m_SortingLayer: 0
  m_SortingOrder: 0
--- !u!1 &8153578153663776816
GameObject:
  m_ObjectHideFlags: 0
  m_CorrespondingSourceObject: {fileID: 0}
  m_PrefabInstance: {fileID: 0}
  m_PrefabAsset: {fileID: 0}
  serializedVersion: 6
  m_Component:
  - component: {fileID: 5151007438884125219}
  - component: {fileID: 4190330375192051733}
  - component: {fileID: 7573790328878136556}
  - component: {fileID: 2508378989871580711}
  - component: {fileID: 8757563551443423876}
  m_Layer: 0
  m_Name: CorridoioCaricamento1-2
  m_TagString: Untagged
  m_Icon: {fileID: 0}
  m_NavMeshLayer: 0
  m_StaticEditorFlags: 0
  m_IsActive: 0
--- !u!114 &8649460054048641803 stripped
MonoBehaviour:
  m_CorrespondingSourceObject: {fileID: 2155979930214060974, guid: 7f84b046c1cd23144998d5ee0b74293b,
    type: 3}
  m_PrefabInstance: {fileID: 7341599965854548133}
  m_PrefabAsset: {fileID: 0}
  m_GameObject: {fileID: 0}
  m_Enabled: 1
  m_EditorHideFlags: 0
  m_Script: {fileID: 11500000, guid: f541cde0eca1af78dbb7a3f27035fd85, type: 3}
  m_Name: 
  m_EditorClassIdentifier: 
--- !u!114 &8649460054048641804 stripped
MonoBehaviour:
  m_CorrespondingSourceObject: {fileID: 2155979930214060969, guid: 7f84b046c1cd23144998d5ee0b74293b,
    type: 3}
  m_PrefabInstance: {fileID: 7341599965854548133}
  m_PrefabAsset: {fileID: 0}
  m_GameObject: {fileID: 0}
  m_Enabled: 1
  m_EditorHideFlags: 0
  m_Script: {fileID: 11500000, guid: f541cde0eca1af78dbb7a3f27035fd85, type: 3}
  m_Name: 
  m_EditorClassIdentifier: 
--- !u!114 &8757563551443423876
MonoBehaviour:
  m_ObjectHideFlags: 0
  m_CorrespondingSourceObject: {fileID: 0}
  m_PrefabInstance: {fileID: 0}
  m_PrefabAsset: {fileID: 0}
  m_GameObject: {fileID: 8153578153663776816}
  m_Enabled: 1
  m_EditorHideFlags: 0
  m_Script: {fileID: 11500000, guid: 3721a2ed66919ab86bf2e4c52572ab0d, type: 3}
  m_Name: 
  m_EditorClassIdentifier: 
  rilevatoreLivelloPrecedente: {fileID: 8649460054048641804}
  rilevatoreLivelloSuccessivo: {fileID: 8649460054048641803}
  nomeScenaPrecedente: LvL1
  nomeScenaSuccessiva: LvL2
