%YAML 1.1
%TAG !u! tag:unity3d.com,2011:
--- !u!29 &1
OcclusionCullingSettings:
  m_ObjectHideFlags: 0
  serializedVersion: 2
  m_OcclusionBakeSettings:
    smallestOccluder: 5
    smallestHole: 0.25
    backfaceThreshold: 100
  m_SceneGUID: 00000000000000000000000000000000
  m_OcclusionCullingData: {fileID: 0}
--- !u!104 &2
RenderSettings:
  m_ObjectHideFlags: 0
  serializedVersion: 9
  m_Fog: 0
  m_FogColor: {r: 0.5, g: 0.5, b: 0.5, a: 1}
  m_FogMode: 3
  m_FogDensity: 0.01
  m_LinearFogStart: 0
  m_LinearFogEnd: 300
  m_AmbientSkyColor: {r: 0.212, g: 0.227, b: 0.259, a: 1}
  m_AmbientEquatorColor: {r: 0.114, g: 0.125, b: 0.133, a: 1}
  m_AmbientGroundColor: {r: 0.047, g: 0.043, b: 0.035, a: 1}
  m_AmbientIntensity: 1
  m_AmbientMode: 0
  m_SubtractiveShadowColor: {r: 0.42, g: 0.478, b: 0.627, a: 1}
  m_SkyboxMaterial: {fileID: 10304, guid: 0000000000000000f000000000000000, type: 0}
  m_HaloStrength: 0.5
  m_FlareStrength: 1
  m_FlareFadeSpeed: 3
  m_HaloTexture: {fileID: 0}
  m_SpotCookie: {fileID: 10001, guid: 0000000000000000e000000000000000, type: 0}
  m_DefaultReflectionMode: 0
  m_DefaultReflectionResolution: 128
  m_ReflectionBounces: 1
  m_ReflectionIntensity: 1
  m_CustomReflection: {fileID: 0}
  m_Sun: {fileID: 0}
  m_IndirectSpecularColor: {r: 0, g: 0, b: 0, a: 1}
  m_UseRadianceAmbientProbe: 0
--- !u!157 &3
LightmapSettings:
  m_ObjectHideFlags: 0
  serializedVersion: 11
  m_GIWorkflowMode: 1
  m_GISettings:
    serializedVersion: 2
    m_BounceScale: 1
    m_IndirectOutputScale: 1
    m_AlbedoBoost: 1
    m_EnvironmentLightingMode: 0
    m_EnableBakedLightmaps: 1
    m_EnableRealtimeLightmaps: 1
  m_LightmapEditorSettings:
    serializedVersion: 12
    m_Resolution: 2
    m_BakeResolution: 40
    m_AtlasSize: 1024
    m_AO: 0
    m_AOMaxDistance: 1
    m_CompAOExponent: 1
    m_CompAOExponentDirect: 0
    m_ExtractAmbientOcclusion: 0
    m_Padding: 2
    m_LightmapParameters: {fileID: 0}
    m_LightmapsBakeMode: 1
    m_TextureCompression: 1
    m_FinalGather: 0
    m_FinalGatherFiltering: 1
    m_FinalGatherRayCount: 256
    m_ReflectionCompression: 2
    m_MixedBakeMode: 2
    m_BakeBackend: 1
    m_PVRSampling: 1
    m_PVRDirectSampleCount: 32
    m_PVRSampleCount: 512
    m_PVRBounces: 2
    m_PVREnvironmentSampleCount: 256
    m_PVREnvironmentReferencePointCount: 2048
    m_PVRFilteringMode: 1
    m_PVRDenoiserTypeDirect: 1
    m_PVRDenoiserTypeIndirect: 1
    m_PVRDenoiserTypeAO: 1
    m_PVRFilterTypeDirect: 0
    m_PVRFilterTypeIndirect: 0
    m_PVRFilterTypeAO: 0
    m_PVREnvironmentMIS: 1
    m_PVRCulling: 1
    m_PVRFilteringGaussRadiusDirect: 1
    m_PVRFilteringGaussRadiusIndirect: 5
    m_PVRFilteringGaussRadiusAO: 2
    m_PVRFilteringAtrousPositionSigmaDirect: 0.5
    m_PVRFilteringAtrousPositionSigmaIndirect: 2
    m_PVRFilteringAtrousPositionSigmaAO: 1
    m_ExportTrainingData: 0
    m_TrainingDataDestination: TrainingData
  m_LightingDataAsset: {fileID: 0}
  m_UseShadowmask: 1
--- !u!196 &4
NavMeshSettings:
  serializedVersion: 2
  m_ObjectHideFlags: 0
  m_BuildSettings:
    serializedVersion: 2
    agentTypeID: 0
    agentRadius: 0.5
    agentHeight: 2
    agentSlope: 45
    agentClimb: 0.4
    ledgeDropHeight: 0
    maxJumpAcrossDistance: 0
    minRegionArea: 2
    manualCellSize: 0
    cellSize: 0.16666667
    manualTileSize: 0
    tileSize: 256
    accuratePlacement: 0
    debug:
      m_Flags: 0
  m_NavMeshData: {fileID: 0}
--- !u!1 &135029408
GameObject:
  m_ObjectHideFlags: 0
  m_CorrespondingSourceObject: {fileID: 0}
  m_PrefabInstance: {fileID: 0}
  m_PrefabAsset: {fileID: 0}
  serializedVersion: 6
  m_Component:
  - component: {fileID: 135029409}
  - component: {fileID: 135029411}
  - component: {fileID: 135029410}
  m_Layer: 5
  m_Name: MouseSXDX
  m_TagString: Untagged
  m_Icon: {fileID: 0}
  m_NavMeshLayer: 0
  m_StaticEditorFlags: 0
  m_IsActive: 1
--- !u!224 &135029409
RectTransform:
  m_ObjectHideFlags: 0
  m_CorrespondingSourceObject: {fileID: 0}
  m_PrefabInstance: {fileID: 0}
  m_PrefabAsset: {fileID: 0}
  m_GameObject: {fileID: 135029408}
  m_LocalRotation: {x: 0, y: 0, z: 0, w: 1}
  m_LocalPosition: {x: 0, y: 0, z: -90}
  m_LocalScale: {x: 0.65, y: 1, z: 1}
  m_Children: []
  m_Father: {fileID: 943338932}
  m_RootOrder: 0
  m_LocalEulerAnglesHint: {x: 0, y: 0, z: 0}
  m_AnchorMin: {x: 0.5, y: 0.5}
  m_AnchorMax: {x: 0.5, y: 0.5}
  m_AnchoredPosition: {x: 0, y: 40}
  m_SizeDelta: {x: 100, y: 100}
  m_Pivot: {x: 0.5, y: 0.5}
--- !u!114 &135029410
MonoBehaviour:
  m_ObjectHideFlags: 0
  m_CorrespondingSourceObject: {fileID: 0}
  m_PrefabInstance: {fileID: 0}
  m_PrefabAsset: {fileID: 0}
  m_GameObject: {fileID: 135029408}
  m_Enabled: 1
  m_EditorHideFlags: 0
  m_Script: {fileID: 11500000, guid: fe87c0e1cc204ed48ad3b37840f39efc, type: 3}
  m_Name: 
  m_EditorClassIdentifier: 
  m_Material: {fileID: 0}
  m_Color: {r: 1, g: 1, b: 1, a: 1}
  m_RaycastTarget: 1
  m_OnCullStateChanged:
    m_PersistentCalls:
      m_Calls: []
  m_Sprite: {fileID: 21300000, guid: e8d33d975a3909244871f58d5e8fc658, type: 3}
  m_Type: 0
  m_PreserveAspect: 0
  m_FillCenter: 1
  m_FillMethod: 4
  m_FillAmount: 1
  m_FillClockwise: 1
  m_FillOrigin: 0
  m_UseSpriteMesh: 0
  m_PixelsPerUnitMultiplier: 1
--- !u!222 &135029411
CanvasRenderer:
  m_ObjectHideFlags: 0
  m_CorrespondingSourceObject: {fileID: 0}
  m_PrefabInstance: {fileID: 0}
  m_PrefabAsset: {fileID: 0}
  m_GameObject: {fileID: 135029408}
  m_CullTransparentMesh: 0
--- !u!1 &274691906
GameObject:
  m_ObjectHideFlags: 0
  m_CorrespondingSourceObject: {fileID: 0}
  m_PrefabInstance: {fileID: 0}
  m_PrefabAsset: {fileID: 0}
  serializedVersion: 6
  m_Component:
  - component: {fileID: 274691907}
  - component: {fileID: 274691909}
  - component: {fileID: 274691908}
  m_Layer: 5
  m_Name: MouseSX
  m_TagString: Untagged
  m_Icon: {fileID: 0}
  m_NavMeshLayer: 0
  m_StaticEditorFlags: 0
  m_IsActive: 1
--- !u!224 &274691907
RectTransform:
  m_ObjectHideFlags: 0
  m_CorrespondingSourceObject: {fileID: 0}
  m_PrefabInstance: {fileID: 0}
  m_PrefabAsset: {fileID: 0}
  m_GameObject: {fileID: 274691906}
  m_LocalRotation: {x: 0, y: 0, z: 0, w: 1}
  m_LocalPosition: {x: 0, y: 0, z: 0}
  m_LocalScale: {x: 0.8, y: 1, z: 1}
  m_Children: []
  m_Father: {fileID: 2098137245}
  m_RootOrder: 0
  m_LocalEulerAnglesHint: {x: 0, y: 0, z: 0}
  m_AnchorMin: {x: 0.5, y: 0.5}
  m_AnchorMax: {x: 0.5, y: 0.5}
  m_AnchoredPosition: {x: -149.1, y: 0}
  m_SizeDelta: {x: 100, y: 100}
  m_Pivot: {x: 0.5, y: 0.5}
--- !u!114 &274691908
MonoBehaviour:
  m_ObjectHideFlags: 0
  m_CorrespondingSourceObject: {fileID: 0}
  m_PrefabInstance: {fileID: 0}
  m_PrefabAsset: {fileID: 0}
  m_GameObject: {fileID: 274691906}
  m_Enabled: 1
  m_EditorHideFlags: 0
  m_Script: {fileID: 11500000, guid: fe87c0e1cc204ed48ad3b37840f39efc, type: 3}
  m_Name: 
  m_EditorClassIdentifier: 
  m_Material: {fileID: 0}
  m_Color: {r: 1, g: 1, b: 1, a: 1}
  m_RaycastTarget: 1
  m_OnCullStateChanged:
    m_PersistentCalls:
      m_Calls: []
  m_Sprite: {fileID: 21300000, guid: 2fc8be98a950d2a44816ca937f49648f, type: 3}
  m_Type: 0
  m_PreserveAspect: 0
  m_FillCenter: 1
  m_FillMethod: 4
  m_FillAmount: 1
  m_FillClockwise: 1
  m_FillOrigin: 0
  m_UseSpriteMesh: 0
  m_PixelsPerUnitMultiplier: 1
--- !u!222 &274691909
CanvasRenderer:
  m_ObjectHideFlags: 0
  m_CorrespondingSourceObject: {fileID: 0}
  m_PrefabInstance: {fileID: 0}
  m_PrefabAsset: {fileID: 0}
  m_GameObject: {fileID: 274691906}
  m_CullTransparentMesh: 0
--- !u!1 &457992771
GameObject:
  m_ObjectHideFlags: 0
  m_CorrespondingSourceObject: {fileID: 0}
  m_PrefabInstance: {fileID: 0}
  m_PrefabAsset: {fileID: 0}
  serializedVersion: 6
  m_Component:
  - component: {fileID: 457992775}
  - component: {fileID: 457992774}
  - component: {fileID: 457992773}
  - component: {fileID: 457992772}
  m_Layer: 5
  m_Name: WASD_Canvas
  m_TagString: Untagged
  m_Icon: {fileID: 0}
  m_NavMeshLayer: 0
  m_StaticEditorFlags: 0
  m_IsActive: 1
--- !u!114 &457992772
MonoBehaviour:
  m_ObjectHideFlags: 0
  m_CorrespondingSourceObject: {fileID: 0}
  m_PrefabInstance: {fileID: 0}
  m_PrefabAsset: {fileID: 0}
  m_GameObject: {fileID: 457992771}
  m_Enabled: 1
  m_EditorHideFlags: 0
  m_Script: {fileID: 11500000, guid: dc42784cf147c0c48a680349fa168899, type: 3}
  m_Name: 
  m_EditorClassIdentifier: 
  m_IgnoreReversedGraphics: 1
  m_BlockingObjects: 0
  m_BlockingMask:
    serializedVersion: 2
    m_Bits: 4294967295
--- !u!114 &457992773
MonoBehaviour:
  m_ObjectHideFlags: 0
  m_CorrespondingSourceObject: {fileID: 0}
  m_PrefabInstance: {fileID: 0}
  m_PrefabAsset: {fileID: 0}
  m_GameObject: {fileID: 457992771}
  m_Enabled: 1
  m_EditorHideFlags: 0
  m_Script: {fileID: 11500000, guid: 0cd44c1031e13a943bb63640046fad76, type: 3}
  m_Name: 
  m_EditorClassIdentifier: 
  m_UiScaleMode: 0
  m_ReferencePixelsPerUnit: 100
  m_ScaleFactor: 1
  m_ReferenceResolution: {x: 800, y: 600}
  m_ScreenMatchMode: 0
  m_MatchWidthOrHeight: 0
  m_PhysicalUnit: 3
  m_FallbackScreenDPI: 96
  m_DefaultSpriteDPI: 96
  m_DynamicPixelsPerUnit: 1
--- !u!223 &457992774
Canvas:
  m_ObjectHideFlags: 0
  m_CorrespondingSourceObject: {fileID: 0}
  m_PrefabInstance: {fileID: 0}
  m_PrefabAsset: {fileID: 0}
  m_GameObject: {fileID: 457992771}
  m_Enabled: 1
  serializedVersion: 3
  m_RenderMode: 2
  m_Camera: {fileID: 0}
  m_PlaneDistance: 100
  m_PixelPerfect: 0
  m_ReceivesEvents: 1
  m_OverrideSorting: 0
  m_OverridePixelPerfect: 0
  m_SortingBucketNormalizedSize: 0
  m_AdditionalShaderChannelsFlag: 0
  m_SortingLayerID: 0
  m_SortingOrder: 0
  m_TargetDisplay: 0
--- !u!224 &457992775
RectTransform:
  m_ObjectHideFlags: 0
  m_CorrespondingSourceObject: {fileID: 0}
  m_PrefabInstance: {fileID: 0}
  m_PrefabAsset: {fileID: 0}
  m_GameObject: {fileID: 457992771}
  m_LocalRotation: {x: 0, y: 0, z: 0, w: 1}
  m_LocalPosition: {x: 0, y: 0, z: 10}
  m_LocalScale: {x: 1, y: 1, z: 1}
  m_Children:
  - {fileID: 513122283}
  m_Father: {fileID: 0}
  m_RootOrder: 4
  m_LocalEulerAnglesHint: {x: 0, y: 0, z: 0}
  m_AnchorMin: {x: 0, y: 0}
  m_AnchorMax: {x: 0, y: 0}
  m_AnchoredPosition: {x: 709, y: 268}
  m_SizeDelta: {x: 1029, y: 508}
  m_Pivot: {x: 0.5, y: 0.5}
--- !u!1 &513122282
GameObject:
  m_ObjectHideFlags: 0
  m_CorrespondingSourceObject: {fileID: 0}
  m_PrefabInstance: {fileID: 0}
  m_PrefabAsset: {fileID: 0}
  serializedVersion: 6
  m_Component:
  - component: {fileID: 513122283}
  - component: {fileID: 513122285}
  - component: {fileID: 513122284}
  m_Layer: 5
  m_Name: WASD_Image
  m_TagString: Untagged
  m_Icon: {fileID: 0}
  m_NavMeshLayer: 0
  m_StaticEditorFlags: 0
  m_IsActive: 1
--- !u!224 &513122283
RectTransform:
  m_ObjectHideFlags: 0
  m_CorrespondingSourceObject: {fileID: 0}
  m_PrefabInstance: {fileID: 0}
  m_PrefabAsset: {fileID: 0}
  m_GameObject: {fileID: 513122282}
  m_LocalRotation: {x: 0, y: 0, z: 0, w: 1}
  m_LocalPosition: {x: 0, y: 0, z: -3.51}
  m_LocalScale: {x: 0.6111101, y: 0.6111101, z: 0.6111101}
  m_Children: []
  m_Father: {fileID: 457992775}
  m_RootOrder: 0
  m_LocalEulerAnglesHint: {x: 0, y: 0, z: 0}
  m_AnchorMin: {x: 0.5, y: 0.5}
  m_AnchorMax: {x: 0.5, y: 0.5}
  m_AnchoredPosition: {x: -524.04, y: -254.32}
  m_SizeDelta: {x: 5, y: 5}
  m_Pivot: {x: 0.5, y: 0.5}
--- !u!114 &513122284
MonoBehaviour:
  m_ObjectHideFlags: 0
  m_CorrespondingSourceObject: {fileID: 0}
  m_PrefabInstance: {fileID: 0}
  m_PrefabAsset: {fileID: 0}
  m_GameObject: {fileID: 513122282}
  m_Enabled: 1
  m_EditorHideFlags: 0
  m_Script: {fileID: 11500000, guid: fe87c0e1cc204ed48ad3b37840f39efc, type: 3}
  m_Name: 
  m_EditorClassIdentifier: 
  m_Material: {fileID: 0}
  m_Color: {r: 1, g: 1, b: 1, a: 1}
  m_RaycastTarget: 1
  m_OnCullStateChanged:
    m_PersistentCalls:
      m_Calls: []
  m_Sprite: {fileID: 21300000, guid: 12c2f311da4e1b842ab81f246af83412, type: 3}
  m_Type: 0
  m_PreserveAspect: 0
  m_FillCenter: 1
  m_FillMethod: 4
  m_FillAmount: 1
  m_FillClockwise: 1
  m_FillOrigin: 0
  m_UseSpriteMesh: 0
  m_PixelsPerUnitMultiplier: 1
--- !u!222 &513122285
CanvasRenderer:
  m_ObjectHideFlags: 0
  m_CorrespondingSourceObject: {fileID: 0}
  m_PrefabInstance: {fileID: 0}
  m_PrefabAsset: {fileID: 0}
  m_GameObject: {fileID: 513122282}
  m_CullTransparentMesh: 0
--- !u!114 &715367414 stripped
MonoBehaviour:
  m_CorrespondingSourceObject: {fileID: 476454446379770197, guid: 86217b7b7eea4b1fea21e68bd420f20c,
    type: 3}
  m_PrefabInstance: {fileID: 1733972377}
  m_PrefabAsset: {fileID: 0}
  m_GameObject: {fileID: 0}
  m_Enabled: 1
  m_EditorHideFlags: 0
  m_Script: {fileID: 11500000, guid: 5ae53633d034a9f829b63ba93669875c, type: 3}
  m_Name: 
  m_EditorClassIdentifier: 
--- !u!1 &943338927
GameObject:
  m_ObjectHideFlags: 0
  m_CorrespondingSourceObject: {fileID: 0}
  m_PrefabInstance: {fileID: 0}
  m_PrefabAsset: {fileID: 0}
  serializedVersion: 6
  m_Component:
  - component: {fileID: 943338932}
  - component: {fileID: 943338931}
  - component: {fileID: 943338930}
  - component: {fileID: 943338929}
  - component: {fileID: 943338928}
  m_Layer: 5
  m_Name: Canvas_GRAVITY_UP
  m_TagString: Untagged
  m_Icon: {fileID: 0}
  m_NavMeshLayer: 0
  m_StaticEditorFlags: 0
  m_IsActive: 1
--- !u!114 &943338928
MonoBehaviour:
  m_ObjectHideFlags: 0
  m_CorrespondingSourceObject: {fileID: 0}
  m_PrefabInstance: {fileID: 0}
  m_PrefabAsset: {fileID: 0}
  m_GameObject: {fileID: 943338927}
  m_Enabled: 1
  m_EditorHideFlags: 0
  m_Script: {fileID: 11500000, guid: 047c2ab0d800c6b45886f27164df37ad, type: 3}
  m_Name: 
  m_EditorClassIdentifier: 
--- !u!114 &943338929
MonoBehaviour:
  m_ObjectHideFlags: 0
  m_CorrespondingSourceObject: {fileID: 0}
  m_PrefabInstance: {fileID: 0}
  m_PrefabAsset: {fileID: 0}
  m_GameObject: {fileID: 943338927}
  m_Enabled: 1
  m_EditorHideFlags: 0
  m_Script: {fileID: 11500000, guid: dc42784cf147c0c48a680349fa168899, type: 3}
  m_Name: 
  m_EditorClassIdentifier: 
  m_IgnoreReversedGraphics: 1
  m_BlockingObjects: 0
  m_BlockingMask:
    serializedVersion: 2
    m_Bits: 4294967295
--- !u!114 &943338930
MonoBehaviour:
  m_ObjectHideFlags: 0
  m_CorrespondingSourceObject: {fileID: 0}
  m_PrefabInstance: {fileID: 0}
  m_PrefabAsset: {fileID: 0}
  m_GameObject: {fileID: 943338927}
  m_Enabled: 1
  m_EditorHideFlags: 0
  m_Script: {fileID: 11500000, guid: 0cd44c1031e13a943bb63640046fad76, type: 3}
  m_Name: 
  m_EditorClassIdentifier: 
  m_UiScaleMode: 0
  m_ReferencePixelsPerUnit: 100
  m_ScaleFactor: 1
  m_ReferenceResolution: {x: 800, y: 600}
  m_ScreenMatchMode: 0
  m_MatchWidthOrHeight: 0
  m_PhysicalUnit: 3
  m_FallbackScreenDPI: 96
  m_DefaultSpriteDPI: 96
  m_DynamicPixelsPerUnit: 1
--- !u!223 &943338931
Canvas:
  m_ObjectHideFlags: 0
  m_CorrespondingSourceObject: {fileID: 0}
  m_PrefabInstance: {fileID: 0}
  m_PrefabAsset: {fileID: 0}
  m_GameObject: {fileID: 943338927}
  m_Enabled: 1
  serializedVersion: 3
  m_RenderMode: 2
  m_Camera: {fileID: 0}
  m_PlaneDistance: 100
  m_PixelPerfect: 0
  m_ReceivesEvents: 1
  m_OverrideSorting: 0
  m_OverridePixelPerfect: 0
  m_SortingBucketNormalizedSize: 0
  m_AdditionalShaderChannelsFlag: 0
  m_SortingLayerID: 0
  m_SortingOrder: 0
  m_TargetDisplay: 0
--- !u!224 &943338932
RectTransform:
  m_ObjectHideFlags: 0
  m_CorrespondingSourceObject: {fileID: 0}
  m_PrefabInstance: {fileID: 0}
  m_PrefabAsset: {fileID: 0}
  m_GameObject: {fileID: 943338927}
  m_LocalRotation: {x: 0, y: 0, z: 0, w: 1}
  m_LocalPosition: {x: 0, y: 0, z: 0}
  m_LocalScale: {x: 0.018, y: 0.018, z: 0.018}
  m_Children:
  - {fileID: 135029409}
  m_Father: {fileID: 0}
  m_RootOrder: 7
  m_LocalEulerAnglesHint: {x: 0, y: 0, z: 0}
  m_AnchorMin: {x: 0, y: 0}
  m_AnchorMax: {x: 0, y: 0}
  m_AnchoredPosition: {x: 496.5, y: 249.5}
  m_SizeDelta: {x: 993, y: 499}
  m_Pivot: {x: 0.5, y: 0.5}
--- !u!1 &1030702202
GameObject:
  m_ObjectHideFlags: 0
  m_CorrespondingSourceObject: {fileID: 0}
  m_PrefabInstance: {fileID: 0}
  m_PrefabAsset: {fileID: 0}
  serializedVersion: 6
  m_Component:
  - component: {fileID: 1030702207}
  - component: {fileID: 1030702206}
  - component: {fileID: 1030702205}
  - component: {fileID: 1030702204}
  - component: {fileID: 1030702203}
  m_Layer: 5
  m_Name: Canvas_MOOUSE
  m_TagString: Untagged
  m_Icon: {fileID: 0}
  m_NavMeshLayer: 0
  m_StaticEditorFlags: 0
  m_IsActive: 0
--- !u!114 &1030702203
MonoBehaviour:
  m_ObjectHideFlags: 0
  m_CorrespondingSourceObject: {fileID: 0}
  m_PrefabInstance: {fileID: 0}
  m_PrefabAsset: {fileID: 0}
  m_GameObject: {fileID: 1030702202}
  m_Enabled: 1
  m_EditorHideFlags: 0
  m_Script: {fileID: 11500000, guid: b50305043e64261429377262c655f962, type: 3}
  m_Name: 
  m_EditorClassIdentifier: 
--- !u!114 &1030702204
MonoBehaviour:
  m_ObjectHideFlags: 0
  m_CorrespondingSourceObject: {fileID: 0}
  m_PrefabInstance: {fileID: 0}
  m_PrefabAsset: {fileID: 0}
  m_GameObject: {fileID: 1030702202}
  m_Enabled: 1
  m_EditorHideFlags: 0
  m_Script: {fileID: 11500000, guid: dc42784cf147c0c48a680349fa168899, type: 3}
  m_Name: 
  m_EditorClassIdentifier: 
  m_IgnoreReversedGraphics: 1
  m_BlockingObjects: 0
  m_BlockingMask:
    serializedVersion: 2
    m_Bits: 4294967295
--- !u!114 &1030702205
MonoBehaviour:
  m_ObjectHideFlags: 0
  m_CorrespondingSourceObject: {fileID: 0}
  m_PrefabInstance: {fileID: 0}
  m_PrefabAsset: {fileID: 0}
  m_GameObject: {fileID: 1030702202}
  m_Enabled: 1
  m_EditorHideFlags: 0
  m_Script: {fileID: 11500000, guid: 0cd44c1031e13a943bb63640046fad76, type: 3}
  m_Name: 
  m_EditorClassIdentifier: 
  m_UiScaleMode: 0
  m_ReferencePixelsPerUnit: 100
  m_ScaleFactor: 1
  m_ReferenceResolution: {x: 800, y: 600}
  m_ScreenMatchMode: 0
  m_MatchWidthOrHeight: 0
  m_PhysicalUnit: 3
  m_FallbackScreenDPI: 96
  m_DefaultSpriteDPI: 96
  m_DynamicPixelsPerUnit: 1
--- !u!223 &1030702206
Canvas:
  m_ObjectHideFlags: 0
  m_CorrespondingSourceObject: {fileID: 0}
  m_PrefabInstance: {fileID: 0}
  m_PrefabAsset: {fileID: 0}
  m_GameObject: {fileID: 1030702202}
  m_Enabled: 1
  serializedVersion: 3
  m_RenderMode: 2
  m_Camera: {fileID: 0}
  m_PlaneDistance: 100
  m_PixelPerfect: 0
  m_ReceivesEvents: 1
  m_OverrideSorting: 0
  m_OverridePixelPerfect: 0
  m_SortingBucketNormalizedSize: 0
  m_AdditionalShaderChannelsFlag: 0
  m_SortingLayerID: 0
  m_SortingOrder: 0
  m_TargetDisplay: 0
--- !u!224 &1030702207
RectTransform:
  m_ObjectHideFlags: 0
  m_CorrespondingSourceObject: {fileID: 0}
  m_PrefabInstance: {fileID: 0}
  m_PrefabAsset: {fileID: 0}
  m_GameObject: {fileID: 1030702202}
  m_LocalRotation: {x: 0, y: 0, z: 0, w: 1}
  m_LocalPosition: {x: 0, y: 0, z: -0.28}
  m_LocalScale: {x: 0.01, y: 0.01, z: 0.01}
  m_Children:
  - {fileID: 1281296351}
  m_Father: {fileID: 0}
  m_RootOrder: 5
  m_LocalEulerAnglesHint: {x: 0, y: 0, z: 0}
  m_AnchorMin: {x: 0, y: 0}
  m_AnchorMax: {x: 0, y: 0}
  m_AnchoredPosition: {x: 698.5, y: 259.5}
  m_SizeDelta: {x: 993, y: 499}
  m_Pivot: {x: 0.5, y: 0.5}
--- !u!1 &1281296350
GameObject:
  m_ObjectHideFlags: 0
  m_CorrespondingSourceObject: {fileID: 0}
  m_PrefabInstance: {fileID: 0}
  m_PrefabAsset: {fileID: 0}
  serializedVersion: 6
  m_Component:
  - component: {fileID: 1281296351}
  - component: {fileID: 1281296353}
  - component: {fileID: 1281296352}
  m_Layer: 5
  m_Name: MouseMovement
  m_TagString: Untagged
  m_Icon: {fileID: 0}
  m_NavMeshLayer: 0
  m_StaticEditorFlags: 0
  m_IsActive: 1
--- !u!224 &1281296351
RectTransform:
  m_ObjectHideFlags: 0
  m_CorrespondingSourceObject: {fileID: 0}
  m_PrefabInstance: {fileID: 0}
  m_PrefabAsset: {fileID: 0}
  m_GameObject: {fileID: 1281296350}
  m_LocalRotation: {x: 0, y: 0, z: 0, w: 1}
  m_LocalPosition: {x: 0, y: 0, z: -150}
  m_LocalScale: {x: 0.9, y: 1, z: 1}
  m_Children: []
  m_Father: {fileID: 1030702207}
  m_RootOrder: 0
  m_LocalEulerAnglesHint: {x: 0, y: 0, z: 0}
  m_AnchorMin: {x: 0.5, y: 0.5}
  m_AnchorMax: {x: 0.5, y: 0.5}
  m_AnchoredPosition: {x: 0, y: 3}
  m_SizeDelta: {x: 100, y: 100}
  m_Pivot: {x: 0.5, y: 0.5}
--- !u!114 &1281296352
MonoBehaviour:
  m_ObjectHideFlags: 0
  m_CorrespondingSourceObject: {fileID: 0}
  m_PrefabInstance: {fileID: 0}
  m_PrefabAsset: {fileID: 0}
  m_GameObject: {fileID: 1281296350}
  m_Enabled: 1
  m_EditorHideFlags: 0
  m_Script: {fileID: 11500000, guid: fe87c0e1cc204ed48ad3b37840f39efc, type: 3}
  m_Name: 
  m_EditorClassIdentifier: 
  m_Material: {fileID: 0}
  m_Color: {r: 1, g: 1, b: 1, a: 1}
  m_RaycastTarget: 1
  m_OnCullStateChanged:
    m_PersistentCalls:
      m_Calls: []
  m_Sprite: {fileID: 21300000, guid: 275e24e169e443b448615b616381aedf, type: 3}
  m_Type: 0
  m_PreserveAspect: 0
  m_FillCenter: 1
  m_FillMethod: 4
  m_FillAmount: 1
  m_FillClockwise: 1
  m_FillOrigin: 0
  m_UseSpriteMesh: 0
  m_PixelsPerUnitMultiplier: 1
--- !u!222 &1281296353
CanvasRenderer:
  m_ObjectHideFlags: 0
  m_CorrespondingSourceObject: {fileID: 0}
  m_PrefabInstance: {fileID: 0}
  m_PrefabAsset: {fileID: 0}
  m_GameObject: {fileID: 1281296350}
  m_CullTransparentMesh: 0
--- !u!1001 &1284797323
PrefabInstance:
  m_ObjectHideFlags: 0
  serializedVersion: 2
  m_Modification:
    m_TransformParent: {fileID: 0}
    m_Modifications:
    - target: {fileID: 8738461917788493751, guid: 8dfefb258b62733dca21e2dfcda2f541,
        type: 3}
      propertyPath: m_Name
      value: CameraInterpolata
      objectReference: {fileID: 0}
    - target: {fileID: 7849822056036409071, guid: 8dfefb258b62733dca21e2dfcda2f541,
        type: 3}
      propertyPath: m_LocalPosition.x
      value: 176.02
      objectReference: {fileID: 0}
    - target: {fileID: 7849822056036409071, guid: 8dfefb258b62733dca21e2dfcda2f541,
        type: 3}
      propertyPath: m_LocalPosition.y
      value: 16.2
      objectReference: {fileID: 0}
    - target: {fileID: 7849822056036409071, guid: 8dfefb258b62733dca21e2dfcda2f541,
        type: 3}
      propertyPath: m_LocalPosition.z
      value: 11.57
      objectReference: {fileID: 0}
    - target: {fileID: 7849822056036409071, guid: 8dfefb258b62733dca21e2dfcda2f541,
        type: 3}
      propertyPath: m_LocalRotation.x
      value: -0
      objectReference: {fileID: 0}
    - target: {fileID: 7849822056036409071, guid: 8dfefb258b62733dca21e2dfcda2f541,
        type: 3}
      propertyPath: m_LocalRotation.y
      value: 0.6635772
      objectReference: {fileID: 0}
    - target: {fileID: 7849822056036409071, guid: 8dfefb258b62733dca21e2dfcda2f541,
        type: 3}
      propertyPath: m_LocalRotation.z
      value: -0
      objectReference: {fileID: 0}
    - target: {fileID: 7849822056036409071, guid: 8dfefb258b62733dca21e2dfcda2f541,
        type: 3}
      propertyPath: m_LocalRotation.w
      value: 0.7481079
      objectReference: {fileID: 0}
    - target: {fileID: 7849822056036409071, guid: 8dfefb258b62733dca21e2dfcda2f541,
        type: 3}
      propertyPath: m_RootOrder
      value: 1
      objectReference: {fileID: 0}
    - target: {fileID: 7849822056036409071, guid: 8dfefb258b62733dca21e2dfcda2f541,
        type: 3}
      propertyPath: m_LocalEulerAnglesHint.x
      value: 0
      objectReference: {fileID: 0}
    - target: {fileID: 7849822056036409071, guid: 8dfefb258b62733dca21e2dfcda2f541,
        type: 3}
      propertyPath: m_LocalEulerAnglesHint.y
      value: 83.147
      objectReference: {fileID: 0}
    - target: {fileID: 7849822056036409071, guid: 8dfefb258b62733dca21e2dfcda2f541,
        type: 3}
      propertyPath: m_LocalEulerAnglesHint.z
      value: 0
      objectReference: {fileID: 0}
    - target: {fileID: 6795646591743450551, guid: 8dfefb258b62733dca21e2dfcda2f541,
        type: 3}
      propertyPath: target
      value: 
      objectReference: {fileID: 0}
    - target: {fileID: 6795646591743450551, guid: 8dfefb258b62733dca21e2dfcda2f541,
        type: 3}
      propertyPath: giocatore
      value: 
      objectReference: {fileID: 0}
    m_RemovedComponents: []
  m_SourcePrefab: {fileID: 100100000, guid: 8dfefb258b62733dca21e2dfcda2f541, type: 3}
--- !u!1001 &1293057043
PrefabInstance:
  m_ObjectHideFlags: 0
  serializedVersion: 2
  m_Modification:
    m_TransformParent: {fileID: 0}
    m_Modifications:
    - target: {fileID: 5199278213273456377, guid: c1c678ca01c9f54448971c459b3648f0,
        type: 3}
      propertyPath: m_Name
      value: SamGiocatore 1
      objectReference: {fileID: 0}
    - target: {fileID: 7748588212112950489, guid: c1c678ca01c9f54448971c459b3648f0,
        type: 3}
      propertyPath: m_LocalPosition.x
      value: -16.6
      objectReference: {fileID: 0}
    - target: {fileID: 7748588212112950489, guid: c1c678ca01c9f54448971c459b3648f0,
        type: 3}
      propertyPath: m_LocalPosition.y
      value: 2.52
      objectReference: {fileID: 0}
    - target: {fileID: 7748588212112950489, guid: c1c678ca01c9f54448971c459b3648f0,
        type: 3}
      propertyPath: m_LocalPosition.z
      value: 1.81
      objectReference: {fileID: 0}
    - target: {fileID: 7748588212112950489, guid: c1c678ca01c9f54448971c459b3648f0,
        type: 3}
      propertyPath: m_LocalRotation.x
      value: -0
      objectReference: {fileID: 0}
    - target: {fileID: 7748588212112950489, guid: c1c678ca01c9f54448971c459b3648f0,
        type: 3}
      propertyPath: m_LocalRotation.y
      value: 0.72129834
      objectReference: {fileID: 0}
    - target: {fileID: 7748588212112950489, guid: c1c678ca01c9f54448971c459b3648f0,
        type: 3}
      propertyPath: m_LocalRotation.z
      value: -0
      objectReference: {fileID: 0}
    - target: {fileID: 7748588212112950489, guid: c1c678ca01c9f54448971c459b3648f0,
        type: 3}
      propertyPath: m_LocalRotation.w
      value: 0.69262457
      objectReference: {fileID: 0}
    - target: {fileID: 7748588212112950489, guid: c1c678ca01c9f54448971c459b3648f0,
        type: 3}
      propertyPath: m_RootOrder
      value: 2
      objectReference: {fileID: 0}
    - target: {fileID: 7748588212112950489, guid: c1c678ca01c9f54448971c459b3648f0,
        type: 3}
      propertyPath: m_LocalEulerAnglesHint.x
      value: 0
      objectReference: {fileID: 0}
    - target: {fileID: 7748588212112950489, guid: c1c678ca01c9f54448971c459b3648f0,
        type: 3}
      propertyPath: m_LocalEulerAnglesHint.y
      value: 92.324005
      objectReference: {fileID: 0}
    - target: {fileID: 7748588212112950489, guid: c1c678ca01c9f54448971c459b3648f0,
        type: 3}
      propertyPath: m_LocalEulerAnglesHint.z
      value: 0
      objectReference: {fileID: 0}
    - target: {fileID: 7748588212112950489, guid: c1c678ca01c9f54448971c459b3648f0,
        type: 3}
      propertyPath: m_LocalScale.x
      value: 0.47156
      objectReference: {fileID: 0}
    - target: {fileID: 7748588212112950489, guid: c1c678ca01c9f54448971c459b3648f0,
        type: 3}
      propertyPath: m_LocalScale.y
      value: 0.47156
      objectReference: {fileID: 0}
    - target: {fileID: 7748588212112950489, guid: c1c678ca01c9f54448971c459b3648f0,
        type: 3}
      propertyPath: m_LocalScale.z
      value: 0.47156
      objectReference: {fileID: 0}
    - target: {fileID: 845198309473871616, guid: c1c678ca01c9f54448971c459b3648f0,
        type: 3}
      propertyPath: WASDimage
      value: 
      objectReference: {fileID: 513122284}
    - target: {fileID: 6943481357851586146, guid: c1c678ca01c9f54448971c459b3648f0,
        type: 3}
      propertyPath: gestoreGravita
      value: 
      objectReference: {fileID: 715367414}
    - target: {fileID: 4810819806542174950, guid: c1c678ca01c9f54448971c459b3648f0,
        type: 3}
      propertyPath: m_LocalPosition.z
      value: 9.19
      objectReference: {fileID: 0}
    - target: {fileID: 4810819806542174950, guid: c1c678ca01c9f54448971c459b3648f0,
        type: 3}
      propertyPath: m_LocalPosition.x
      value: 199.38
      objectReference: {fileID: 0}
    - target: {fileID: 4810819806542174950, guid: c1c678ca01c9f54448971c459b3648f0,
        type: 3}
      propertyPath: m_LocalRotation.x
      value: 0.0017576695
      objectReference: {fileID: 0}
    - target: {fileID: 4810819806542174950, guid: c1c678ca01c9f54448971c459b3648f0,
        type: 3}
      propertyPath: m_LocalRotation.y
      value: 0.762198
      objectReference: {fileID: 0}
    - target: {fileID: 4810819806542174950, guid: c1c678ca01c9f54448971c459b3648f0,
        type: 3}
      propertyPath: m_LocalRotation.z
      value: 0.0016772684
      objectReference: {fileID: 0}
    - target: {fileID: 4810819806542174950, guid: c1c678ca01c9f54448971c459b3648f0,
        type: 3}
      propertyPath: m_LocalRotation.w
      value: 0.6473395
      objectReference: {fileID: 0}
    - target: {fileID: 4810819806542174950, guid: c1c678ca01c9f54448971c459b3648f0,
        type: 3}
      propertyPath: m_LocalEulerAnglesHint.y
      value: 99.317
      objectReference: {fileID: 0}
    - target: {fileID: 4810819806542174950, guid: c1c678ca01c9f54448971c459b3648f0,
        type: 3}
      propertyPath: m_LocalPosition.y
      value: 10.73
      objectReference: {fileID: 0}
    - target: {fileID: 4810819806542174950, guid: c1c678ca01c9f54448971c459b3648f0,
        type: 3}
      propertyPath: m_LocalScale.x
      value: 1
      objectReference: {fileID: 0}
    - target: {fileID: 4810819806542174950, guid: c1c678ca01c9f54448971c459b3648f0,
        type: 3}
      propertyPath: m_LocalScale.y
      value: 1
      objectReference: {fileID: 0}
    - target: {fileID: 4810819806542174950, guid: c1c678ca01c9f54448971c459b3648f0,
        type: 3}
      propertyPath: m_LocalScale.z
      value: 1
      objectReference: {fileID: 0}
    - target: {fileID: 4810819806542174950, guid: c1c678ca01c9f54448971c459b3648f0,
        type: 3}
      propertyPath: m_LocalEulerAnglesHint.x
      value: -0.016
      objectReference: {fileID: 0}
    - target: {fileID: 4810819806542174950, guid: c1c678ca01c9f54448971c459b3648f0,
        type: 3}
      propertyPath: m_LocalEulerAnglesHint.z
      value: 0.27800003
      objectReference: {fileID: 0}
    - target: {fileID: 1194905370266113604, guid: c1c678ca01c9f54448971c459b3648f0,
        type: 3}
      propertyPath: GrabPos
      value: 
      objectReference: {fileID: 1293057044}
    - target: {fileID: 6223762651786963746, guid: c1c678ca01c9f54448971c459b3648f0,
        type: 3}
      propertyPath: gg
      value: 
      objectReference: {fileID: 715367414}
    - target: {fileID: 8296777442651554119, guid: c1c678ca01c9f54448971c459b3648f0,
        type: 3}
      propertyPath: animator
      value: 
      objectReference: {fileID: 1293057045}
    - target: {fileID: 9016942109231265301, guid: c1c678ca01c9f54448971c459b3648f0,
        type: 3}
      propertyPath: animator
      value: 
      objectReference: {fileID: 1293057045}
    - target: {fileID: 2896389296541063837, guid: c1c678ca01c9f54448971c459b3648f0,
        type: 3}
      propertyPath: m_Text
      value: '0

'
      objectReference: {fileID: 0}
    - target: {fileID: 796500818046151759, guid: c1c678ca01c9f54448971c459b3648f0,
        type: 3}
      propertyPath: GrabPos
      value: 
      objectReference: {fileID: 0}
    - target: {fileID: 4877607621229740704, guid: c1c678ca01c9f54448971c459b3648f0,
        type: 3}
      propertyPath: gestoreGravita
      value: 
      objectReference: {fileID: 715367414}
    - target: {fileID: 4877607621229740704, guid: c1c678ca01c9f54448971c459b3648f0,
        type: 3}
      propertyPath: Livello_Partenza
      value: 5
      objectReference: {fileID: 0}
    - target: {fileID: 6059800941734716753, guid: c1c678ca01c9f54448971c459b3648f0,
        type: 3}
      propertyPath: m_Enabled
      value: 1
      objectReference: {fileID: 0}
    - target: {fileID: 6059800941734716753, guid: c1c678ca01c9f54448971c459b3648f0,
        type: 3}
      propertyPath: WASDimage
      value: 
      objectReference: {fileID: 513122284}
    - target: {fileID: 8436813037370966207, guid: c1c678ca01c9f54448971c459b3648f0,
        type: 3}
      propertyPath: m_Enabled
      value: 0
      objectReference: {fileID: 0}
    m_RemovedComponents:
    - {fileID: 0}
  m_SourcePrefab: {fileID: 100100000, guid: c1c678ca01c9f54448971c459b3648f0, type: 3}
--- !u!4 &1293057044 stripped
Transform:
  m_CorrespondingSourceObject: {fileID: 6613661693498012369, guid: c1c678ca01c9f54448971c459b3648f0,
    type: 3}
  m_PrefabInstance: {fileID: 1293057043}
  m_PrefabAsset: {fileID: 0}
--- !u!95 &1293057045 stripped
Animator:
  m_CorrespondingSourceObject: {fileID: 6223762651786963749, guid: c1c678ca01c9f54448971c459b3648f0,
    type: 3}
  m_PrefabInstance: {fileID: 1293057043}
  m_PrefabAsset: {fileID: 0}
--- !u!1001 &1732667260
PrefabInstance:
  m_ObjectHideFlags: 0
  serializedVersion: 2
  m_Modification:
    m_TransformParent: {fileID: 0}
    m_Modifications:
    - target: {fileID: 4502900938304443924, guid: f451133725e62c34ca847ac3426ef10a,
        type: 3}
      propertyPath: m_Name
      value: SamGiocatore
      objectReference: {fileID: 0}
    - target: {fileID: 4502900938304443924, guid: f451133725e62c34ca847ac3426ef10a,
        type: 3}
      propertyPath: m_IsActive
      value: 0
      objectReference: {fileID: 0}
    - target: {fileID: 2148934573805460532, guid: f451133725e62c34ca847ac3426ef10a,
        type: 3}
      propertyPath: m_LocalPosition.x
      value: 177.08
      objectReference: {fileID: 0}
    - target: {fileID: 2148934573805460532, guid: f451133725e62c34ca847ac3426ef10a,
        type: 3}
      propertyPath: m_LocalPosition.y
      value: 16.45
      objectReference: {fileID: 0}
    - target: {fileID: 2148934573805460532, guid: f451133725e62c34ca847ac3426ef10a,
        type: 3}
      propertyPath: m_LocalPosition.z
      value: 12.190001
      objectReference: {fileID: 0}
    - target: {fileID: 2148934573805460532, guid: f451133725e62c34ca847ac3426ef10a,
        type: 3}
      propertyPath: m_LocalRotation.x
      value: -0
      objectReference: {fileID: 0}
    - target: {fileID: 2148934573805460532, guid: f451133725e62c34ca847ac3426ef10a,
        type: 3}
      propertyPath: m_LocalRotation.y
      value: 0.71232665
      objectReference: {fileID: 0}
    - target: {fileID: 2148934573805460532, guid: f451133725e62c34ca847ac3426ef10a,
        type: 3}
      propertyPath: m_LocalRotation.z
      value: -0
      objectReference: {fileID: 0}
    - target: {fileID: 2148934573805460532, guid: f451133725e62c34ca847ac3426ef10a,
        type: 3}
      propertyPath: m_LocalRotation.w
      value: 0.70184815
      objectReference: {fileID: 0}
    - target: {fileID: 2148934573805460532, guid: f451133725e62c34ca847ac3426ef10a,
        type: 3}
      propertyPath: m_RootOrder
      value: 3
      objectReference: {fileID: 0}
    - target: {fileID: 2148934573805460532, guid: f451133725e62c34ca847ac3426ef10a,
        type: 3}
      propertyPath: m_LocalEulerAnglesHint.x
      value: 0
      objectReference: {fileID: 0}
    - target: {fileID: 2148934573805460532, guid: f451133725e62c34ca847ac3426ef10a,
        type: 3}
      propertyPath: m_LocalEulerAnglesHint.y
      value: 90.84901
      objectReference: {fileID: 0}
    - target: {fileID: 2148934573805460532, guid: f451133725e62c34ca847ac3426ef10a,
        type: 3}
      propertyPath: m_LocalEulerAnglesHint.z
      value: 0
      objectReference: {fileID: 0}
    - target: {fileID: 2148934573805460532, guid: f451133725e62c34ca847ac3426ef10a,
        type: 3}
      propertyPath: m_LocalScale.x
      value: 0.52116
      objectReference: {fileID: 0}
    - target: {fileID: 2148934573805460532, guid: f451133725e62c34ca847ac3426ef10a,
        type: 3}
      propertyPath: m_LocalScale.y
      value: 0.52116
      objectReference: {fileID: 0}
    - target: {fileID: 2148934573805460532, guid: f451133725e62c34ca847ac3426ef10a,
        type: 3}
      propertyPath: m_LocalScale.z
      value: 0.52116
      objectReference: {fileID: 0}
    - target: {fileID: 1587022948499535503, guid: f451133725e62c34ca847ac3426ef10a,
        type: 3}
      propertyPath: gestoreGravita
      value: 
      objectReference: {fileID: 715367414}
    - target: {fileID: 9070443254839525357, guid: f451133725e62c34ca847ac3426ef10a,
        type: 3}
      propertyPath: WASDimage
      value: 
      objectReference: {fileID: 513122284}
    m_RemovedComponents: []
  m_SourcePrefab: {fileID: 100100000, guid: f451133725e62c34ca847ac3426ef10a, type: 3}
--- !u!1001 &1733972377
PrefabInstance:
  m_ObjectHideFlags: 0
  serializedVersion: 2
  m_Modification:
    m_TransformParent: {fileID: 0}
    m_Modifications:
    - target: {fileID: 1893267143717330745, guid: 86217b7b7eea4b1fea21e68bd420f20c,
        type: 3}
      propertyPath: m_Name
      value: GestoreGravita
      objectReference: {fileID: 0}
    - target: {fileID: 4100930197327765321, guid: 86217b7b7eea4b1fea21e68bd420f20c,
        type: 3}
      propertyPath: m_LocalPosition.x
      value: 187.641
      objectReference: {fileID: 0}
    - target: {fileID: 4100930197327765321, guid: 86217b7b7eea4b1fea21e68bd420f20c,
        type: 3}
      propertyPath: m_LocalPosition.y
      value: 14
      objectReference: {fileID: 0}
    - target: {fileID: 4100930197327765321, guid: 86217b7b7eea4b1fea21e68bd420f20c,
        type: 3}
      propertyPath: m_LocalPosition.z
      value: 16.934334
      objectReference: {fileID: 0}
    - target: {fileID: 4100930197327765321, guid: 86217b7b7eea4b1fea21e68bd420f20c,
        type: 3}
      propertyPath: m_LocalRotation.x
      value: 0
      objectReference: {fileID: 0}
    - target: {fileID: 4100930197327765321, guid: 86217b7b7eea4b1fea21e68bd420f20c,
        type: 3}
      propertyPath: m_LocalRotation.y
      value: 0
      objectReference: {fileID: 0}
    - target: {fileID: 4100930197327765321, guid: 86217b7b7eea4b1fea21e68bd420f20c,
        type: 3}
      propertyPath: m_LocalRotation.z
      value: 0
      objectReference: {fileID: 0}
    - target: {fileID: 4100930197327765321, guid: 86217b7b7eea4b1fea21e68bd420f20c,
        type: 3}
      propertyPath: m_LocalRotation.w
      value: 1
      objectReference: {fileID: 0}
    - target: {fileID: 4100930197327765321, guid: 86217b7b7eea4b1fea21e68bd420f20c,
        type: 3}
      propertyPath: m_RootOrder
      value: 2
      objectReference: {fileID: 0}
    - target: {fileID: 4100930197327765321, guid: 86217b7b7eea4b1fea21e68bd420f20c,
        type: 3}
      propertyPath: m_LocalEulerAnglesHint.x
      value: 0
      objectReference: {fileID: 0}
    - target: {fileID: 4100930197327765321, guid: 86217b7b7eea4b1fea21e68bd420f20c,
        type: 3}
      propertyPath: m_LocalEulerAnglesHint.y
      value: 0
      objectReference: {fileID: 0}
    - target: {fileID: 4100930197327765321, guid: 86217b7b7eea4b1fea21e68bd420f20c,
        type: 3}
      propertyPath: m_LocalEulerAnglesHint.z
      value: 0
      objectReference: {fileID: 0}
    m_RemovedComponents: []
  m_SourcePrefab: {fileID: 100100000, guid: 86217b7b7eea4b1fea21e68bd420f20c, type: 3}
--- !u!1 &1889302234
GameObject:
  m_ObjectHideFlags: 0
  m_CorrespondingSourceObject: {fileID: 0}
  m_PrefabInstance: {fileID: 0}
  m_PrefabAsset: {fileID: 0}
  serializedVersion: 6
  m_Component:
  - component: {fileID: 1889302235}
  - component: {fileID: 1889302237}
  - component: {fileID: 1889302236}
  m_Layer: 5
  m_Name: MouseDX
  m_TagString: Untagged
  m_Icon: {fileID: 0}
  m_NavMeshLayer: 0
  m_StaticEditorFlags: 0
  m_IsActive: 1
--- !u!224 &1889302235
RectTransform:
  m_ObjectHideFlags: 0
  m_CorrespondingSourceObject: {fileID: 0}
  m_PrefabInstance: {fileID: 0}
  m_PrefabAsset: {fileID: 0}
  m_GameObject: {fileID: 1889302234}
  m_LocalRotation: {x: 0, y: 0, z: 0, w: 1}
  m_LocalPosition: {x: 0, y: 0, z: 0}
  m_LocalScale: {x: 0.8, y: 1, z: 1}
  m_Children: []
  m_Father: {fileID: 2098137245}
  m_RootOrder: 1
  m_LocalEulerAnglesHint: {x: 0, y: 0, z: 0}
  m_AnchorMin: {x: 0.5, y: 0.5}
  m_AnchorMax: {x: 0.5, y: 0.5}
  m_AnchoredPosition: {x: 144.1, y: 0}
  m_SizeDelta: {x: 100, y: 100}
  m_Pivot: {x: 0.5, y: 0.5}
--- !u!114 &1889302236
MonoBehaviour:
  m_ObjectHideFlags: 0
  m_CorrespondingSourceObject: {fileID: 0}
  m_PrefabInstance: {fileID: 0}
  m_PrefabAsset: {fileID: 0}
  m_GameObject: {fileID: 1889302234}
  m_Enabled: 1
  m_EditorHideFlags: 0
  m_Script: {fileID: 11500000, guid: fe87c0e1cc204ed48ad3b37840f39efc, type: 3}
  m_Name: 
  m_EditorClassIdentifier: 
  m_Material: {fileID: 0}
  m_Color: {r: 1, g: 1, b: 1, a: 1}
  m_RaycastTarget: 1
  m_OnCullStateChanged:
    m_PersistentCalls:
      m_Calls: []
  m_Sprite: {fileID: 21300000, guid: 992f452b08e19a64e9df3d7fbc77c58c, type: 3}
  m_Type: 0
  m_PreserveAspect: 0
  m_FillCenter: 1
  m_FillMethod: 4
  m_FillAmount: 1
  m_FillClockwise: 1
  m_FillOrigin: 0
  m_UseSpriteMesh: 0
  m_PixelsPerUnitMultiplier: 1
--- !u!222 &1889302237
CanvasRenderer:
  m_ObjectHideFlags: 0
  m_CorrespondingSourceObject: {fileID: 0}
  m_PrefabInstance: {fileID: 0}
  m_PrefabAsset: {fileID: 0}
  m_GameObject: {fileID: 1889302234}
  m_CullTransparentMesh: 0
--- !u!1 &2098137240
GameObject:
  m_ObjectHideFlags: 0
  m_CorrespondingSourceObject: {fileID: 0}
  m_PrefabInstance: {fileID: 0}
  m_PrefabAsset: {fileID: 0}
  serializedVersion: 6
  m_Component:
  - component: {fileID: 2098137245}
  - component: {fileID: 2098137244}
  - component: {fileID: 2098137243}
  - component: {fileID: 2098137242}
  - component: {fileID: 2098137241}
  m_Layer: 5
  m_Name: Canvas_GRAVITY
  m_TagString: Untagged
  m_Icon: {fileID: 0}
  m_NavMeshLayer: 0
  m_StaticEditorFlags: 0
  m_IsActive: 0
--- !u!114 &2098137241
MonoBehaviour:
  m_ObjectHideFlags: 0
  m_CorrespondingSourceObject: {fileID: 0}
  m_PrefabInstance: {fileID: 0}
  m_PrefabAsset: {fileID: 0}
  m_GameObject: {fileID: 2098137240}
  m_Enabled: 1
  m_EditorHideFlags: 0
  m_Script: {fileID: 11500000, guid: b2f0327120648e34398d75607887c47a, type: 3}
  m_Name: 
  m_EditorClassIdentifier: 
--- !u!114 &2098137242
MonoBehaviour:
  m_ObjectHideFlags: 0
  m_CorrespondingSourceObject: {fileID: 0}
  m_PrefabInstance: {fileID: 0}
  m_PrefabAsset: {fileID: 0}
  m_GameObject: {fileID: 2098137240}
  m_Enabled: 1
  m_EditorHideFlags: 0
  m_Script: {fileID: 11500000, guid: dc42784cf147c0c48a680349fa168899, type: 3}
  m_Name: 
  m_EditorClassIdentifier: 
  m_IgnoreReversedGraphics: 1
  m_BlockingObjects: 0
  m_BlockingMask:
    serializedVersion: 2
    m_Bits: 4294967295
--- !u!114 &2098137243
MonoBehaviour:
  m_ObjectHideFlags: 0
  m_CorrespondingSourceObject: {fileID: 0}
  m_PrefabInstance: {fileID: 0}
  m_PrefabAsset: {fileID: 0}
  m_GameObject: {fileID: 2098137240}
  m_Enabled: 1
  m_EditorHideFlags: 0
  m_Script: {fileID: 11500000, guid: 0cd44c1031e13a943bb63640046fad76, type: 3}
  m_Name: 
  m_EditorClassIdentifier: 
  m_UiScaleMode: 0
  m_ReferencePixelsPerUnit: 100
  m_ScaleFactor: 1
  m_ReferenceResolution: {x: 800, y: 600}
  m_ScreenMatchMode: 0
  m_MatchWidthOrHeight: 0
  m_PhysicalUnit: 3
  m_FallbackScreenDPI: 96
  m_DefaultSpriteDPI: 96
  m_DynamicPixelsPerUnit: 1
--- !u!223 &2098137244
Canvas:
  m_ObjectHideFlags: 0
  m_CorrespondingSourceObject: {fileID: 0}
  m_PrefabInstance: {fileID: 0}
  m_PrefabAsset: {fileID: 0}
  m_GameObject: {fileID: 2098137240}
  m_Enabled: 1
  serializedVersion: 3
  m_RenderMode: 2
  m_Camera: {fileID: 0}
  m_PlaneDistance: 100
  m_PixelPerfect: 0
  m_ReceivesEvents: 1
  m_OverrideSorting: 0
  m_OverridePixelPerfect: 0
  m_SortingBucketNormalizedSize: 0
  m_AdditionalShaderChannelsFlag: 0
  m_SortingLayerID: 0
  m_SortingOrder: 0
  m_TargetDisplay: 0
--- !u!224 &2098137245
RectTransform:
  m_ObjectHideFlags: 0
  m_CorrespondingSourceObject: {fileID: 0}
  m_PrefabInstance: {fileID: 0}
  m_PrefabAsset: {fileID: 0}
  m_GameObject: {fileID: 2098137240}
  m_LocalRotation: {x: 0, y: 0, z: 0, w: 1}
  m_LocalPosition: {x: 0, y: 0, z: 0}
  m_LocalScale: {x: 0.018, y: 0.018, z: 0.018}
  m_Children:
  - {fileID: 274691907}
  - {fileID: 1889302235}
  m_Father: {fileID: 0}
  m_RootOrder: 6
  m_LocalEulerAnglesHint: {x: 0, y: 0, z: 0}
  m_AnchorMin: {x: 0, y: 0}
  m_AnchorMax: {x: 0, y: 0}
  m_AnchoredPosition: {x: 698.5, y: 259.5}
  m_SizeDelta: {x: 993, y: 499}
  m_Pivot: {x: 0.5, y: 0.5}
