%YAML 1.1
%TAG !u! tag:unity3d.com,2011:
--- !u!29 &1
OcclusionCullingSettings:
  m_ObjectHideFlags: 0
  serializedVersion: 2
  m_OcclusionBakeSettings:
    smallestOccluder: 5
    smallestHole: 0.25
    backfaceThreshold: 100
  m_SceneGUID: 00000000000000000000000000000000
  m_OcclusionCullingData: {fileID: 0}
--- !u!104 &2
RenderSettings:
  m_ObjectHideFlags: 0
  serializedVersion: 9
  m_Fog: 0
  m_FogColor: {r: 0.5, g: 0.5, b: 0.5, a: 1}
  m_FogMode: 3
  m_FogDensity: 0.01
  m_LinearFogStart: 0
  m_LinearFogEnd: 300
  m_AmbientSkyColor: {r: 0.212, g: 0.227, b: 0.259, a: 1}
  m_AmbientEquatorColor: {r: 0.114, g: 0.125, b: 0.133, a: 1}
  m_AmbientGroundColor: {r: 0.047, g: 0.043, b: 0.035, a: 1}
  m_AmbientIntensity: 1
  m_AmbientMode: 0
  m_SubtractiveShadowColor: {r: 0.42, g: 0.478, b: 0.627, a: 1}
  m_SkyboxMaterial: {fileID: 10304, guid: 0000000000000000f000000000000000, type: 0}
  m_HaloStrength: 0.5
  m_FlareStrength: 1
  m_FlareFadeSpeed: 3
  m_HaloTexture: {fileID: 0}
  m_SpotCookie: {fileID: 10001, guid: 0000000000000000e000000000000000, type: 0}
  m_DefaultReflectionMode: 0
  m_DefaultReflectionResolution: 128
  m_ReflectionBounces: 1
  m_ReflectionIntensity: 1
  m_CustomReflection: {fileID: 0}
  m_Sun: {fileID: 0}
  m_IndirectSpecularColor: {r: 0, g: 0, b: 0, a: 1}
  m_UseRadianceAmbientProbe: 0
--- !u!157 &3
LightmapSettings:
  m_ObjectHideFlags: 0
  serializedVersion: 11
  m_GIWorkflowMode: 1
  m_GISettings:
    serializedVersion: 2
    m_BounceScale: 1
    m_IndirectOutputScale: 1
    m_AlbedoBoost: 1
    m_EnvironmentLightingMode: 0
    m_EnableBakedLightmaps: 1
    m_EnableRealtimeLightmaps: 1
  m_LightmapEditorSettings:
    serializedVersion: 12
    m_Resolution: 2
    m_BakeResolution: 40
    m_AtlasSize: 1024
    m_AO: 0
    m_AOMaxDistance: 1
    m_CompAOExponent: 1
    m_CompAOExponentDirect: 0
    m_ExtractAmbientOcclusion: 0
    m_Padding: 2
    m_LightmapParameters: {fileID: 0}
    m_LightmapsBakeMode: 1
    m_TextureCompression: 1
    m_FinalGather: 0
    m_FinalGatherFiltering: 1
    m_FinalGatherRayCount: 256
    m_ReflectionCompression: 2
    m_MixedBakeMode: 2
    m_BakeBackend: 1
    m_PVRSampling: 1
    m_PVRDirectSampleCount: 32
    m_PVRSampleCount: 512
    m_PVRBounces: 2
    m_PVREnvironmentSampleCount: 256
    m_PVREnvironmentReferencePointCount: 2048
    m_PVRFilteringMode: 1
    m_PVRDenoiserTypeDirect: 1
    m_PVRDenoiserTypeIndirect: 1
    m_PVRDenoiserTypeAO: 1
    m_PVRFilterTypeDirect: 0
    m_PVRFilterTypeIndirect: 0
    m_PVRFilterTypeAO: 0
    m_PVREnvironmentMIS: 1
    m_PVRCulling: 1
    m_PVRFilteringGaussRadiusDirect: 1
    m_PVRFilteringGaussRadiusIndirect: 5
    m_PVRFilteringGaussRadiusAO: 2
    m_PVRFilteringAtrousPositionSigmaDirect: 0.5
    m_PVRFilteringAtrousPositionSigmaIndirect: 2
    m_PVRFilteringAtrousPositionSigmaAO: 1
    m_ExportTrainingData: 0
    m_TrainingDataDestination: TrainingData
  m_LightingDataAsset: {fileID: 0}
  m_UseShadowmask: 1
--- !u!196 &4
NavMeshSettings:
  serializedVersion: 2
  m_ObjectHideFlags: 0
  m_BuildSettings:
    serializedVersion: 2
    agentTypeID: 0
    agentRadius: 0.5
    agentHeight: 2
    agentSlope: 45
    agentClimb: 0.4
    ledgeDropHeight: 0
    maxJumpAcrossDistance: 0
    minRegionArea: 2
    manualCellSize: 0
    cellSize: 0.16666667
    manualTileSize: 0
    tileSize: 256
    accuratePlacement: 0
    debug:
      m_Flags: 0
  m_NavMeshData: {fileID: 0}
--- !u!1 &33620754
GameObject:
  m_ObjectHideFlags: 0
  m_CorrespondingSourceObject: {fileID: 0}
  m_PrefabInstance: {fileID: 0}
  m_PrefabAsset: {fileID: 0}
  serializedVersion: 6
  m_Component:
  - component: {fileID: 33620756}
  - component: {fileID: 33620755}
  m_Layer: 0
  m_Name: Point Light
  m_TagString: Untagged
  m_Icon: {fileID: 0}
  m_NavMeshLayer: 0
  m_StaticEditorFlags: 0
  m_IsActive: 1
--- !u!108 &33620755
Light:
  m_ObjectHideFlags: 0
  m_CorrespondingSourceObject: {fileID: 0}
  m_PrefabInstance: {fileID: 0}
  m_PrefabAsset: {fileID: 0}
  m_GameObject: {fileID: 33620754}
  m_Enabled: 1
  serializedVersion: 9
  m_Type: 2
  m_Color: {r: 1, g: 1, b: 1, a: 1}
  m_Intensity: 3
  m_Range: 10
  m_SpotAngle: 30
  m_InnerSpotAngle: 21.80208
  m_CookieSize: 10
  m_Shadows:
    m_Type: 2
    m_Resolution: -1
    m_CustomResolution: -1
    m_Strength: 1
    m_Bias: 0.05
    m_NormalBias: 0.4
    m_NearPlane: 0.2
    m_CullingMatrixOverride:
      e00: 1
      e01: 0
      e02: 0
      e03: 0
      e10: 0
      e11: 1
      e12: 0
      e13: 0
      e20: 0
      e21: 0
      e22: 1
      e23: 0
      e30: 0
      e31: 0
      e32: 0
      e33: 1
    m_UseCullingMatrixOverride: 0
  m_Cookie: {fileID: 0}
  m_DrawHalo: 0
  m_Flare: {fileID: 0}
  m_RenderMode: 0
  m_CullingMask:
    serializedVersion: 2
    m_Bits: 4294967295
  m_RenderingLayerMask: 1
  m_Lightmapping: 4
  m_LightShadowCasterMode: 0
  m_AreaSize: {x: 1, y: 1}
  m_BounceIntensity: 1
  m_ColorTemperature: 6570
  m_UseColorTemperature: 0
  m_BoundingSphereOverride: {x: 0, y: 0, z: 0, w: 0}
  m_UseBoundingSphereOverride: 0
  m_ShadowRadius: 0
  m_ShadowAngle: 0
--- !u!4 &33620756
Transform:
  m_ObjectHideFlags: 0
  m_CorrespondingSourceObject: {fileID: 0}
  m_PrefabInstance: {fileID: 0}
  m_PrefabAsset: {fileID: 0}
  m_GameObject: {fileID: 33620754}
  m_LocalRotation: {x: -0, y: -0, z: -0, w: 1}
  m_LocalPosition: {x: -13.278698, y: 4.432, z: -0.55999994}
  m_LocalScale: {x: 1, y: 1, z: 1}
  m_Children: []
  m_Father: {fileID: 5162353288882613477}
  m_RootOrder: 10
  m_LocalEulerAnglesHint: {x: 0, y: 0, z: 0}
--- !u!1 &244118730
GameObject:
  m_ObjectHideFlags: 0
  m_CorrespondingSourceObject: {fileID: 0}
  m_PrefabInstance: {fileID: 0}
  m_PrefabAsset: {fileID: 0}
  serializedVersion: 6
  m_Component:
  - component: {fileID: 244118733}
  - component: {fileID: 244118732}
  - component: {fileID: 244118731}
  m_Layer: 0
  m_Name: EventSystem
  m_TagString: Untagged
  m_Icon: {fileID: 0}
  m_NavMeshLayer: 0
  m_StaticEditorFlags: 0
  m_IsActive: 1
--- !u!114 &244118731
MonoBehaviour:
  m_ObjectHideFlags: 0
  m_CorrespondingSourceObject: {fileID: 0}
  m_PrefabInstance: {fileID: 0}
  m_PrefabAsset: {fileID: 0}
  m_GameObject: {fileID: 244118730}
  m_Enabled: 1
  m_EditorHideFlags: 0
  m_Script: {fileID: 11500000, guid: 4f231c4fb786f3946a6b90b886c48677, type: 3}
  m_Name: 
  m_EditorClassIdentifier: 
  m_HorizontalAxis: Horizontal
  m_VerticalAxis: Vertical
  m_SubmitButton: Submit
  m_CancelButton: Cancel
  m_InputActionsPerSecond: 10
  m_RepeatDelay: 0.5
  m_ForceModuleActive: 0
--- !u!114 &244118732
MonoBehaviour:
  m_ObjectHideFlags: 0
  m_CorrespondingSourceObject: {fileID: 0}
  m_PrefabInstance: {fileID: 0}
  m_PrefabAsset: {fileID: 0}
  m_GameObject: {fileID: 244118730}
  m_Enabled: 1
  m_EditorHideFlags: 0
  m_Script: {fileID: 11500000, guid: 76c392e42b5098c458856cdf6ecaaaa1, type: 3}
  m_Name: 
  m_EditorClassIdentifier: 
  m_FirstSelected: {fileID: 0}
  m_sendNavigationEvents: 1
  m_DragThreshold: 10
--- !u!4 &244118733
Transform:
  m_ObjectHideFlags: 0
  m_CorrespondingSourceObject: {fileID: 0}
  m_PrefabInstance: {fileID: 0}
  m_PrefabAsset: {fileID: 0}
  m_GameObject: {fileID: 244118730}
  m_LocalRotation: {x: 0, y: 0, z: 0, w: 1}
  m_LocalPosition: {x: 0, y: 0, z: 0}
  m_LocalScale: {x: 1, y: 1, z: 1}
  m_Children: []
  m_Father: {fileID: 0}
  m_RootOrder: 3
  m_LocalEulerAnglesHint: {x: 0, y: 0, z: 0}
--- !u!1001 &433734735
PrefabInstance:
  m_ObjectHideFlags: 0
  serializedVersion: 2
  m_Modification:
    m_TransformParent: {fileID: 5162353288882613477}
    m_Modifications:
    - target: {fileID: -927199367670048503, guid: 459c5a247bcfd904b82f4385adaa851b,
        type: 3}
      propertyPath: m_Name
      value: PareteIngresso (1)
      objectReference: {fileID: 0}
    - target: {fileID: -4216859302048453862, guid: 459c5a247bcfd904b82f4385adaa851b,
        type: 3}
      propertyPath: m_LocalPosition.x
      value: -18.818697
      objectReference: {fileID: 0}
    - target: {fileID: -4216859302048453862, guid: 459c5a247bcfd904b82f4385adaa851b,
        type: 3}
      propertyPath: m_LocalPosition.y
      value: -3.1088302
      objectReference: {fileID: 0}
    - target: {fileID: -4216859302048453862, guid: 459c5a247bcfd904b82f4385adaa851b,
        type: 3}
      propertyPath: m_LocalPosition.z
      value: -0.73
      objectReference: {fileID: 0}
    - target: {fileID: -4216859302048453862, guid: 459c5a247bcfd904b82f4385adaa851b,
        type: 3}
      propertyPath: m_LocalRotation.x
      value: -0
      objectReference: {fileID: 0}
    - target: {fileID: -4216859302048453862, guid: 459c5a247bcfd904b82f4385adaa851b,
        type: 3}
      propertyPath: m_LocalRotation.y
      value: -0
      objectReference: {fileID: 0}
    - target: {fileID: -4216859302048453862, guid: 459c5a247bcfd904b82f4385adaa851b,
        type: 3}
      propertyPath: m_LocalRotation.z
      value: -0
      objectReference: {fileID: 0}
    - target: {fileID: -4216859302048453862, guid: 459c5a247bcfd904b82f4385adaa851b,
        type: 3}
      propertyPath: m_LocalRotation.w
      value: 1
      objectReference: {fileID: 0}
    - target: {fileID: -4216859302048453862, guid: 459c5a247bcfd904b82f4385adaa851b,
        type: 3}
      propertyPath: m_RootOrder
      value: 13
      objectReference: {fileID: 0}
    - target: {fileID: -4216859302048453862, guid: 459c5a247bcfd904b82f4385adaa851b,
        type: 3}
      propertyPath: m_LocalEulerAnglesHint.x
      value: 0
      objectReference: {fileID: 0}
    - target: {fileID: -4216859302048453862, guid: 459c5a247bcfd904b82f4385adaa851b,
        type: 3}
      propertyPath: m_LocalEulerAnglesHint.y
      value: 0
      objectReference: {fileID: 0}
    - target: {fileID: -4216859302048453862, guid: 459c5a247bcfd904b82f4385adaa851b,
        type: 3}
      propertyPath: m_LocalEulerAnglesHint.z
      value: 0
      objectReference: {fileID: 0}
    m_RemovedComponents: []
  m_SourcePrefab: {fileID: 100100000, guid: 459c5a247bcfd904b82f4385adaa851b, type: 3}
--- !u!1001 &520539484
PrefabInstance:
  m_ObjectHideFlags: 0
  serializedVersion: 2
  m_Modification:
    m_TransformParent: {fileID: 5162353288882613477}
    m_Modifications:
    - target: {fileID: -927199367670048503, guid: 459c5a247bcfd904b82f4385adaa851b,
        type: 3}
      propertyPath: m_Name
      value: PareteIngresso
      objectReference: {fileID: 0}
    - target: {fileID: -4216859302048453862, guid: 459c5a247bcfd904b82f4385adaa851b,
        type: 3}
      propertyPath: m_LocalPosition.x
      value: 1.4813025
      objectReference: {fileID: 0}
    - target: {fileID: -4216859302048453862, guid: 459c5a247bcfd904b82f4385adaa851b,
        type: 3}
      propertyPath: m_LocalPosition.y
      value: -0.16883016
      objectReference: {fileID: 0}
    - target: {fileID: -4216859302048453862, guid: 459c5a247bcfd904b82f4385adaa851b,
        type: 3}
      propertyPath: m_LocalPosition.z
      value: -0.73
      objectReference: {fileID: 0}
    - target: {fileID: -4216859302048453862, guid: 459c5a247bcfd904b82f4385adaa851b,
        type: 3}
      propertyPath: m_LocalRotation.x
      value: -0
      objectReference: {fileID: 0}
    - target: {fileID: -4216859302048453862, guid: 459c5a247bcfd904b82f4385adaa851b,
        type: 3}
      propertyPath: m_LocalRotation.y
      value: -0
      objectReference: {fileID: 0}
    - target: {fileID: -4216859302048453862, guid: 459c5a247bcfd904b82f4385adaa851b,
        type: 3}
      propertyPath: m_LocalRotation.z
      value: -0
      objectReference: {fileID: 0}
    - target: {fileID: -4216859302048453862, guid: 459c5a247bcfd904b82f4385adaa851b,
        type: 3}
      propertyPath: m_LocalRotation.w
      value: 1
      objectReference: {fileID: 0}
    - target: {fileID: -4216859302048453862, guid: 459c5a247bcfd904b82f4385adaa851b,
        type: 3}
      propertyPath: m_RootOrder
      value: 12
      objectReference: {fileID: 0}
    - target: {fileID: -4216859302048453862, guid: 459c5a247bcfd904b82f4385adaa851b,
        type: 3}
      propertyPath: m_LocalEulerAnglesHint.x
      value: 0
      objectReference: {fileID: 0}
    - target: {fileID: -4216859302048453862, guid: 459c5a247bcfd904b82f4385adaa851b,
        type: 3}
      propertyPath: m_LocalEulerAnglesHint.y
      value: 0
      objectReference: {fileID: 0}
    - target: {fileID: -4216859302048453862, guid: 459c5a247bcfd904b82f4385adaa851b,
        type: 3}
      propertyPath: m_LocalEulerAnglesHint.z
      value: 0
      objectReference: {fileID: 0}
    m_RemovedComponents: []
  m_SourcePrefab: {fileID: 100100000, guid: 459c5a247bcfd904b82f4385adaa851b, type: 3}
--- !u!1 &537758624
GameObject:
  m_ObjectHideFlags: 0
  m_CorrespondingSourceObject: {fileID: 0}
  m_PrefabInstance: {fileID: 9186834960893599609}
  m_PrefabAsset: {fileID: 0}
  serializedVersion: 6
  m_Component:
  - component: {fileID: 537758625}
  m_Layer: 0
  m_Name: Porta (Missing Prefab)
  m_TagString: Untagged
  m_Icon: {fileID: 0}
  m_NavMeshLayer: 0
  m_StaticEditorFlags: 0
  m_IsActive: 1
--- !u!4 &537758625
Transform:
  m_ObjectHideFlags: 0
  m_CorrespondingSourceObject: {fileID: 0}
  m_PrefabInstance: {fileID: 9186834960893599609}
  m_PrefabAsset: {fileID: 0}
  m_GameObject: {fileID: 537758624}
  m_LocalRotation: {x: 0, y: 0, z: 0, w: 1}
  m_LocalPosition: {x: 0, y: 0, z: 0}
  m_LocalScale: {x: 1, y: 1, z: 1}
  m_Children: []
  m_Father: {fileID: 5162353288882613477}
  m_RootOrder: 9
  m_LocalEulerAnglesHint: {x: 0, y: 0, z: 0}
--- !u!1 &572939790
GameObject:
  m_ObjectHideFlags: 0
  m_CorrespondingSourceObject: {fileID: 0}
  m_PrefabInstance: {fileID: 0}
  m_PrefabAsset: {fileID: 0}
  serializedVersion: 6
  m_Component:
  - component: {fileID: 572939792}
  - component: {fileID: 572939791}
  m_Layer: 0
  m_Name: Point Light (1)
  m_TagString: Untagged
  m_Icon: {fileID: 0}
  m_NavMeshLayer: 0
  m_StaticEditorFlags: 0
  m_IsActive: 1
--- !u!108 &572939791
Light:
  m_ObjectHideFlags: 0
  m_CorrespondingSourceObject: {fileID: 0}
  m_PrefabInstance: {fileID: 0}
  m_PrefabAsset: {fileID: 0}
  m_GameObject: {fileID: 572939790}
  m_Enabled: 1
  serializedVersion: 9
  m_Type: 2
  m_Color: {r: 1, g: 1, b: 1, a: 1}
  m_Intensity: 3
  m_Range: 10
  m_SpotAngle: 30
  m_InnerSpotAngle: 21.80208
  m_CookieSize: 10
  m_Shadows:
    m_Type: 2
    m_Resolution: -1
    m_CustomResolution: -1
    m_Strength: 1
    m_Bias: 0.05
    m_NormalBias: 0.4
    m_NearPlane: 0.2
    m_CullingMatrixOverride:
      e00: 1
      e01: 0
      e02: 0
      e03: 0
      e10: 0
      e11: 1
      e12: 0
      e13: 0
      e20: 0
      e21: 0
      e22: 1
      e23: 0
      e30: 0
      e31: 0
      e32: 0
      e33: 1
    m_UseCullingMatrixOverride: 0
  m_Cookie: {fileID: 0}
  m_DrawHalo: 0
  m_Flare: {fileID: 0}
  m_RenderMode: 0
  m_CullingMask:
    serializedVersion: 2
    m_Bits: 4294967295
  m_RenderingLayerMask: 1
  m_Lightmapping: 4
  m_LightShadowCasterMode: 0
  m_AreaSize: {x: 1, y: 1}
  m_BounceIntensity: 1
  m_ColorTemperature: 6570
  m_UseColorTemperature: 0
  m_BoundingSphereOverride: {x: 0, y: 0, z: 0, w: 0}
  m_UseBoundingSphereOverride: 0
  m_ShadowRadius: 0
  m_ShadowAngle: 0
--- !u!4 &572939792
Transform:
  m_ObjectHideFlags: 0
  m_CorrespondingSourceObject: {fileID: 0}
  m_PrefabInstance: {fileID: 0}
  m_PrefabAsset: {fileID: 0}
  m_GameObject: {fileID: 572939790}
  m_LocalRotation: {x: -0, y: -0, z: -0, w: 1}
  m_LocalPosition: {x: -4.7386975, y: 5.69, z: -0.55999994}
  m_LocalScale: {x: 1, y: 1, z: 1}
  m_Children: []
  m_Father: {fileID: 5162353288882613477}
  m_RootOrder: 11
  m_LocalEulerAnglesHint: {x: 0, y: 0, z: 0}
--- !u!1001 &1282670873
PrefabInstance:
  m_ObjectHideFlags: 0
  serializedVersion: 2
  m_Modification:
    m_TransformParent: {fileID: 5162353288882613477}
    m_Modifications:
    - target: {fileID: -927199367670048503, guid: 6e6ec3e9b27a0b14c95a134b33b39eed,
        type: 3}
      propertyPath: m_Name
      value: Porta (1)
      objectReference: {fileID: 0}
    - target: {fileID: -4216859302048453862, guid: 6e6ec3e9b27a0b14c95a134b33b39eed,
        type: 3}
      propertyPath: m_LocalPosition.x
      value: -23.698698
      objectReference: {fileID: 0}
    - target: {fileID: -4216859302048453862, guid: 6e6ec3e9b27a0b14c95a134b33b39eed,
        type: 3}
      propertyPath: m_LocalPosition.y
      value: -0.18883014
      objectReference: {fileID: 0}
    - target: {fileID: -4216859302048453862, guid: 6e6ec3e9b27a0b14c95a134b33b39eed,
        type: 3}
      propertyPath: m_LocalPosition.z
      value: -0.74
      objectReference: {fileID: 0}
    - target: {fileID: -4216859302048453862, guid: 6e6ec3e9b27a0b14c95a134b33b39eed,
        type: 3}
      propertyPath: m_LocalRotation.x
      value: -0
      objectReference: {fileID: 0}
    - target: {fileID: -4216859302048453862, guid: 6e6ec3e9b27a0b14c95a134b33b39eed,
        type: 3}
      propertyPath: m_LocalRotation.y
      value: -0
      objectReference: {fileID: 0}
    - target: {fileID: -4216859302048453862, guid: 6e6ec3e9b27a0b14c95a134b33b39eed,
        type: 3}
      propertyPath: m_LocalRotation.z
      value: -0
      objectReference: {fileID: 0}
    - target: {fileID: -4216859302048453862, guid: 6e6ec3e9b27a0b14c95a134b33b39eed,
        type: 3}
      propertyPath: m_LocalRotation.w
      value: 1
      objectReference: {fileID: 0}
    - target: {fileID: -4216859302048453862, guid: 6e6ec3e9b27a0b14c95a134b33b39eed,
        type: 3}
      propertyPath: m_RootOrder
      value: 14
      objectReference: {fileID: 0}
    - target: {fileID: -4216859302048453862, guid: 6e6ec3e9b27a0b14c95a134b33b39eed,
        type: 3}
      propertyPath: m_LocalEulerAnglesHint.x
      value: 0
      objectReference: {fileID: 0}
    - target: {fileID: -4216859302048453862, guid: 6e6ec3e9b27a0b14c95a134b33b39eed,
        type: 3}
      propertyPath: m_LocalEulerAnglesHint.y
      value: 0
      objectReference: {fileID: 0}
    - target: {fileID: -4216859302048453862, guid: 6e6ec3e9b27a0b14c95a134b33b39eed,
        type: 3}
      propertyPath: m_LocalEulerAnglesHint.z
      value: 0
      objectReference: {fileID: 0}
    m_RemovedComponents: []
  m_SourcePrefab: {fileID: 100100000, guid: 6e6ec3e9b27a0b14c95a134b33b39eed, type: 3}
--- !u!1001 &1556639780
PrefabInstance:
  m_ObjectHideFlags: 0
  serializedVersion: 2
  m_Modification:
    m_TransformParent: {fileID: 0}
    m_Modifications:
    - target: {fileID: 3194153145605091209, guid: e2685f95d76500045baf97d55127d811,
        type: 3}
      propertyPath: m_Name
      value: Meteorite (1)
      objectReference: {fileID: 0}
    - target: {fileID: 3194153145605091209, guid: e2685f95d76500045baf97d55127d811,
        type: 3}
      propertyPath: m_TagString
      value: Meteorite
      objectReference: {fileID: 0}
    - target: {fileID: 3194153145605091203, guid: e2685f95d76500045baf97d55127d811,
        type: 3}
      propertyPath: m_LocalPosition.x
      value: -12.742084
      objectReference: {fileID: 0}
    - target: {fileID: 3194153145605091203, guid: e2685f95d76500045baf97d55127d811,
        type: 3}
      propertyPath: m_LocalPosition.y
      value: 1.5
      objectReference: {fileID: 0}
    - target: {fileID: 3194153145605091203, guid: e2685f95d76500045baf97d55127d811,
        type: 3}
      propertyPath: m_LocalPosition.z
      value: -0.8063574
      objectReference: {fileID: 0}
    - target: {fileID: 3194153145605091203, guid: e2685f95d76500045baf97d55127d811,
        type: 3}
      propertyPath: m_LocalRotation.x
      value: 0
      objectReference: {fileID: 0}
    - target: {fileID: 3194153145605091203, guid: e2685f95d76500045baf97d55127d811,
        type: 3}
      propertyPath: m_LocalRotation.y
      value: 0
      objectReference: {fileID: 0}
    - target: {fileID: 3194153145605091203, guid: e2685f95d76500045baf97d55127d811,
        type: 3}
      propertyPath: m_LocalRotation.z
      value: 0
      objectReference: {fileID: 0}
    - target: {fileID: 3194153145605091203, guid: e2685f95d76500045baf97d55127d811,
        type: 3}
      propertyPath: m_LocalRotation.w
      value: 1
      objectReference: {fileID: 0}
    - target: {fileID: 3194153145605091203, guid: e2685f95d76500045baf97d55127d811,
        type: 3}
      propertyPath: m_RootOrder
      value: 1
      objectReference: {fileID: 0}
    - target: {fileID: 3194153145605091203, guid: e2685f95d76500045baf97d55127d811,
        type: 3}
      propertyPath: m_LocalEulerAnglesHint.x
      value: 0
      objectReference: {fileID: 0}
    - target: {fileID: 3194153145605091203, guid: e2685f95d76500045baf97d55127d811,
        type: 3}
      propertyPath: m_LocalEulerAnglesHint.y
      value: 0
      objectReference: {fileID: 0}
    - target: {fileID: 3194153145605091203, guid: e2685f95d76500045baf97d55127d811,
        type: 3}
      propertyPath: m_LocalEulerAnglesHint.z
      value: 0
      objectReference: {fileID: 0}
    - target: {fileID: 3194153145605091214, guid: e2685f95d76500045baf97d55127d811,
        type: 3}
      propertyPath: thisCoinID
      value: 2
      objectReference: {fileID: 0}
    m_RemovedComponents: []
  m_SourcePrefab: {fileID: 100100000, guid: e2685f95d76500045baf97d55127d811, type: 3}
--- !u!1001 &1858011932
PrefabInstance:
  m_ObjectHideFlags: 0
  serializedVersion: 2
  m_Modification:
    m_TransformParent: {fileID: 0}
    m_Modifications:
    - target: {fileID: 3194153145605091209, guid: e2685f95d76500045baf97d55127d811,
        type: 3}
      propertyPath: m_TagString
      value: Meteorite
      objectReference: {fileID: 0}
    - target: {fileID: 3194153145605091203, guid: e2685f95d76500045baf97d55127d811,
        type: 3}
      propertyPath: m_LocalPosition.y
      value: 1.73
      objectReference: {fileID: 0}
    - target: {fileID: 3194153145605091203, guid: e2685f95d76500045baf97d55127d811,
        type: 3}
      propertyPath: m_LocalPosition.x
      value: -18.027
      objectReference: {fileID: 0}
    - target: {fileID: 3194153145605091203, guid: e2685f95d76500045baf97d55127d811,
        type: 3}
      propertyPath: m_LocalPosition.z
      value: 4.863
      objectReference: {fileID: 0}
    - target: {fileID: 3194153145605091214, guid: e2685f95d76500045baf97d55127d811,
        type: 3}
      propertyPath: thisCoinID
      value: 1
      objectReference: {fileID: 0}
    - target: {fileID: 4574809311754927974, guid: e2685f95d76500045baf97d55127d811,
        type: 3}
      propertyPath: m_Name
      value: Meteorite
      objectReference: {fileID: 0}
    - target: {fileID: 659677342630399349, guid: e2685f95d76500045baf97d55127d811,
        type: 3}
      propertyPath: m_LocalPosition.x
      value: -17.535
      objectReference: {fileID: 0}
    - target: {fileID: 659677342630399349, guid: e2685f95d76500045baf97d55127d811,
        type: 3}
      propertyPath: m_LocalPosition.y
      value: 1.292
      objectReference: {fileID: 0}
    - target: {fileID: 659677342630399349, guid: e2685f95d76500045baf97d55127d811,
        type: 3}
      propertyPath: m_LocalPosition.z
      value: -1.102
      objectReference: {fileID: 0}
    - target: {fileID: 659677342630399349, guid: e2685f95d76500045baf97d55127d811,
        type: 3}
      propertyPath: m_LocalRotation.x
      value: 0
      objectReference: {fileID: 0}
    - target: {fileID: 659677342630399349, guid: e2685f95d76500045baf97d55127d811,
        type: 3}
      propertyPath: m_LocalRotation.y
      value: -0
      objectReference: {fileID: 0}
    - target: {fileID: 659677342630399349, guid: e2685f95d76500045baf97d55127d811,
        type: 3}
      propertyPath: m_LocalRotation.z
      value: -0
      objectReference: {fileID: 0}
    - target: {fileID: 659677342630399349, guid: e2685f95d76500045baf97d55127d811,
        type: 3}
      propertyPath: m_LocalRotation.w
      value: 1
      objectReference: {fileID: 0}
    - target: {fileID: 659677342630399349, guid: e2685f95d76500045baf97d55127d811,
        type: 3}
      propertyPath: m_RootOrder
      value: 1
      objectReference: {fileID: 0}
    - target: {fileID: 659677342630399349, guid: e2685f95d76500045baf97d55127d811,
        type: 3}
      propertyPath: m_LocalEulerAnglesHint.x
      value: 0
      objectReference: {fileID: 0}
    - target: {fileID: 659677342630399349, guid: e2685f95d76500045baf97d55127d811,
        type: 3}
      propertyPath: m_LocalEulerAnglesHint.y
      value: 0
      objectReference: {fileID: 0}
    - target: {fileID: 659677342630399349, guid: e2685f95d76500045baf97d55127d811,
        type: 3}
      propertyPath: m_LocalEulerAnglesHint.z
      value: 0
      objectReference: {fileID: 0}
    m_RemovedComponents: []
  m_SourcePrefab: {fileID: 100100000, guid: e2685f95d76500045baf97d55127d811, type: 3}
--- !u!1001 &5162353288882613476
PrefabInstance:
  m_ObjectHideFlags: 0
  serializedVersion: 2
  m_Modification:
    m_TransformParent: {fileID: 0}
    m_Modifications:
    - target: {fileID: 5162353290140982193, guid: 69a2f4820bfaa0f4ea530d4effed9f05,
        type: 3}
      propertyPath: m_Name
      value: StanzaLivello1
      objectReference: {fileID: 0}
    - target: {fileID: 5162353290140982194, guid: 69a2f4820bfaa0f4ea530d4effed9f05,
        type: 3}
      propertyPath: m_LocalPosition.x
      value: -2.377
      objectReference: {fileID: 0}
    - target: {fileID: 5162353290140982194, guid: 69a2f4820bfaa0f4ea530d4effed9f05,
        type: 3}
      propertyPath: m_LocalPosition.y
      value: 0.62215
      objectReference: {fileID: 0}
    - target: {fileID: 5162353290140982194, guid: 69a2f4820bfaa0f4ea530d4effed9f05,
        type: 3}
      propertyPath: m_LocalPosition.z
      value: 2.5782
      objectReference: {fileID: 0}
    - target: {fileID: 5162353290140982194, guid: 69a2f4820bfaa0f4ea530d4effed9f05,
        type: 3}
      propertyPath: m_LocalRotation.x
      value: 0
      objectReference: {fileID: 0}
    - target: {fileID: 5162353290140982194, guid: 69a2f4820bfaa0f4ea530d4effed9f05,
        type: 3}
      propertyPath: m_LocalRotation.y
      value: 0
      objectReference: {fileID: 0}
    - target: {fileID: 5162353290140982194, guid: 69a2f4820bfaa0f4ea530d4effed9f05,
        type: 3}
      propertyPath: m_LocalRotation.z
      value: 0
      objectReference: {fileID: 0}
    - target: {fileID: 5162353290140982194, guid: 69a2f4820bfaa0f4ea530d4effed9f05,
        type: 3}
      propertyPath: m_LocalRotation.w
      value: 1
      objectReference: {fileID: 0}
    - target: {fileID: 5162353290140982194, guid: 69a2f4820bfaa0f4ea530d4effed9f05,
        type: 3}
      propertyPath: m_RootOrder
      value: 2
      objectReference: {fileID: 0}
    - target: {fileID: 5162353290140982194, guid: 69a2f4820bfaa0f4ea530d4effed9f05,
        type: 3}
      propertyPath: m_LocalEulerAnglesHint.x
      value: 0
      objectReference: {fileID: 0}
    - target: {fileID: 5162353290140982194, guid: 69a2f4820bfaa0f4ea530d4effed9f05,
        type: 3}
      propertyPath: m_LocalEulerAnglesHint.y
      value: 0
      objectReference: {fileID: 0}
    - target: {fileID: 5162353290140982194, guid: 69a2f4820bfaa0f4ea530d4effed9f05,
        type: 3}
      propertyPath: m_LocalEulerAnglesHint.z
      value: 0
      objectReference: {fileID: 0}
    - target: {fileID: 206857967522246502, guid: 69a2f4820bfaa0f4ea530d4effed9f05,
        type: 3}
      propertyPath: m_LocalPosition.y
      value: 0.03027799
      objectReference: {fileID: 0}
    - target: {fileID: 206857967157554463, guid: 69a2f4820bfaa0f4ea530d4effed9f05,
        type: 3}
      propertyPath: m_LocalPosition.y
      value: 0.03
      objectReference: {fileID: 0}
    - target: {fileID: 206857967778511990, guid: 69a2f4820bfaa0f4ea530d4effed9f05,
        type: 3}
      propertyPath: m_LocalPosition.y
      value: 0.029999986
      objectReference: {fileID: 0}
    - target: {fileID: 206857968185902504, guid: 69a2f4820bfaa0f4ea530d4effed9f05,
        type: 3}
      propertyPath: m_LocalPosition.y
      value: 0.03027799
      objectReference: {fileID: 0}
    - target: {fileID: 3784626643168238146, guid: 69a2f4820bfaa0f4ea530d4effed9f05,
        type: 3}
      propertyPath: m_TagString
      value: Pavimento
      objectReference: {fileID: 0}
    m_RemovedComponents: []
  m_SourcePrefab: {fileID: 100100000, guid: 69a2f4820bfaa0f4ea530d4effed9f05, type: 3}
--- !u!4 &5162353288882613477 stripped
Transform:
  m_CorrespondingSourceObject: {fileID: 5162353290140982194, guid: 69a2f4820bfaa0f4ea530d4effed9f05,
    type: 3}
  m_PrefabInstance: {fileID: 5162353288882613476}
  m_PrefabAsset: {fileID: 0}
--- !u!1001 &9186834960893599609
PrefabInstance:
  m_ObjectHideFlags: 0
  serializedVersion: 2
  m_Modification:
    m_TransformParent: {fileID: 5162353288882613477}
    m_Modifications:
    - target: {fileID: 6850932164187944621, guid: e690483c32fc4773c9ff8a895a7d231f,
        type: 3}
      propertyPath: m_LocalPosition.x
      value: -5.578697
      objectReference: {fileID: 0}
    - target: {fileID: 6850932164187944621, guid: e690483c32fc4773c9ff8a895a7d231f,
        type: 3}
      propertyPath: m_LocalPosition.y
      value: -0.17883015
      objectReference: {fileID: 0}
    - target: {fileID: 6850932164187944621, guid: e690483c32fc4773c9ff8a895a7d231f,
        type: 3}
      propertyPath: m_LocalPosition.z
      value: -0.73
      objectReference: {fileID: 0}
    - target: {fileID: 6850932164187944621, guid: e690483c32fc4773c9ff8a895a7d231f,
        type: 3}
      propertyPath: m_LocalRotation.x
      value: -0
      objectReference: {fileID: 0}
    - target: {fileID: 6850932164187944621, guid: e690483c32fc4773c9ff8a895a7d231f,
        type: 3}
      propertyPath: m_LocalRotation.y
      value: -0
      objectReference: {fileID: 0}
    - target: {fileID: 6850932164187944621, guid: e690483c32fc4773c9ff8a895a7d231f,
        type: 3}
      propertyPath: m_LocalRotation.z
      value: -0
      objectReference: {fileID: 0}
    - target: {fileID: 6850932164187944621, guid: e690483c32fc4773c9ff8a895a7d231f,
        type: 3}
      propertyPath: m_LocalRotation.w
      value: 1
      objectReference: {fileID: 0}
    - target: {fileID: 6850932164187944621, guid: e690483c32fc4773c9ff8a895a7d231f,
        type: 3}
      propertyPath: m_RootOrder
      value: 9
      objectReference: {fileID: 0}
    - target: {fileID: 6850932164187944621, guid: e690483c32fc4773c9ff8a895a7d231f,
        type: 3}
      propertyPath: m_LocalEulerAnglesHint.x
      value: 0
      objectReference: {fileID: 0}
    - target: {fileID: 6850932164187944621, guid: e690483c32fc4773c9ff8a895a7d231f,
        type: 3}
      propertyPath: m_LocalEulerAnglesHint.y
      value: 0
      objectReference: {fileID: 0}
    - target: {fileID: 6850932164187944621, guid: e690483c32fc4773c9ff8a895a7d231f,
        type: 3}
      propertyPath: m_LocalEulerAnglesHint.z
      value: 0
      objectReference: {fileID: 0}
    - target: {fileID: 7586383226024658110, guid: e690483c32fc4773c9ff8a895a7d231f,
        type: 3}
      propertyPath: m_Name
      value: Porta
      objectReference: {fileID: 0}
    m_RemovedComponents: []
  m_SourcePrefab: {fileID: 100100000, guid: e690483c32fc4773c9ff8a895a7d231f, type: 3}
