%YAML 1.1
%TAG !u! tag:unity3d.com,2011:
--- !u!29 &1
OcclusionCullingSettings:
  m_ObjectHideFlags: 0
  serializedVersion: 2
  m_OcclusionBakeSettings:
    smallestOccluder: 5
    smallestHole: 0.25
    backfaceThreshold: 100
  m_SceneGUID: 00000000000000000000000000000000
  m_OcclusionCullingData: {fileID: 0}
--- !u!104 &2
RenderSettings:
  m_ObjectHideFlags: 0
  serializedVersion: 9
  m_Fog: 0
  m_FogColor: {r: 0.5, g: 0.5, b: 0.5, a: 1}
  m_FogMode: 3
  m_FogDensity: 0.01
  m_LinearFogStart: 0
  m_LinearFogEnd: 300
  m_AmbientSkyColor: {r: 0.212, g: 0.227, b: 0.259, a: 1}
  m_AmbientEquatorColor: {r: 0.114, g: 0.125, b: 0.133, a: 1}
  m_AmbientGroundColor: {r: 0.047, g: 0.043, b: 0.035, a: 1}
  m_AmbientIntensity: 1
  m_AmbientMode: 0
  m_SubtractiveShadowColor: {r: 0.42, g: 0.478, b: 0.627, a: 1}
  m_SkyboxMaterial: {fileID: 10304, guid: 0000000000000000f000000000000000, type: 0}
  m_HaloStrength: 0.5
  m_FlareStrength: 1
  m_FlareFadeSpeed: 3
  m_HaloTexture: {fileID: 0}
  m_SpotCookie: {fileID: 10001, guid: 0000000000000000e000000000000000, type: 0}
  m_DefaultReflectionMode: 0
  m_DefaultReflectionResolution: 128
  m_ReflectionBounces: 1
  m_ReflectionIntensity: 1
  m_CustomReflection: {fileID: 0}
  m_Sun: {fileID: 0}
  m_IndirectSpecularColor: {r: 0, g: 0, b: 0, a: 1}
  m_UseRadianceAmbientProbe: 0
--- !u!157 &3
LightmapSettings:
  m_ObjectHideFlags: 0
  serializedVersion: 11
  m_GIWorkflowMode: 1
  m_GISettings:
    serializedVersion: 2
    m_BounceScale: 1
    m_IndirectOutputScale: 1
    m_AlbedoBoost: 1
    m_EnvironmentLightingMode: 0
    m_EnableBakedLightmaps: 1
    m_EnableRealtimeLightmaps: 1
  m_LightmapEditorSettings:
    serializedVersion: 12
    m_Resolution: 2
    m_BakeResolution: 40
    m_AtlasSize: 1024
    m_AO: 0
    m_AOMaxDistance: 1
    m_CompAOExponent: 1
    m_CompAOExponentDirect: 0
    m_ExtractAmbientOcclusion: 0
    m_Padding: 2
    m_LightmapParameters: {fileID: 0}
    m_LightmapsBakeMode: 1
    m_TextureCompression: 1
    m_FinalGather: 0
    m_FinalGatherFiltering: 1
    m_FinalGatherRayCount: 256
    m_ReflectionCompression: 2
    m_MixedBakeMode: 2
    m_BakeBackend: 1
    m_PVRSampling: 1
    m_PVRDirectSampleCount: 32
    m_PVRSampleCount: 512
    m_PVRBounces: 2
    m_PVREnvironmentSampleCount: 256
    m_PVREnvironmentReferencePointCount: 2048
    m_PVRFilteringMode: 1
    m_PVRDenoiserTypeDirect: 1
    m_PVRDenoiserTypeIndirect: 1
    m_PVRDenoiserTypeAO: 1
    m_PVRFilterTypeDirect: 0
    m_PVRFilterTypeIndirect: 0
    m_PVRFilterTypeAO: 0
    m_PVREnvironmentMIS: 1
    m_PVRCulling: 1
    m_PVRFilteringGaussRadiusDirect: 1
    m_PVRFilteringGaussRadiusIndirect: 5
    m_PVRFilteringGaussRadiusAO: 2
    m_PVRFilteringAtrousPositionSigmaDirect: 0.5
    m_PVRFilteringAtrousPositionSigmaIndirect: 2
    m_PVRFilteringAtrousPositionSigmaAO: 1
    m_ExportTrainingData: 0
    m_TrainingDataDestination: TrainingData
  m_LightingDataAsset: {fileID: 0}
  m_UseShadowmask: 1
--- !u!196 &4
NavMeshSettings:
  serializedVersion: 2
  m_ObjectHideFlags: 0
  m_BuildSettings:
    serializedVersion: 2
    agentTypeID: 0
    agentRadius: 0.5
    agentHeight: 2
    agentSlope: 45
    agentClimb: 0.4
    ledgeDropHeight: 0
    maxJumpAcrossDistance: 0
    minRegionArea: 2
    manualCellSize: 0
    cellSize: 0.16666667
    manualTileSize: 0
    tileSize: 256
    accuratePlacement: 0
    debug:
      m_Flags: 0
  m_NavMeshData: {fileID: 0}
--- !u!1001 &45498619
PrefabInstance:
  m_ObjectHideFlags: 0
  serializedVersion: 2
  m_Modification:
    m_TransformParent: {fileID: 2687291303549059347}
    m_Modifications:
    - target: {fileID: -927199367670048503, guid: 6b32c8bd320e6d348a5c3e885360d493,
        type: 3}
      propertyPath: m_Name
      value: Battiscopa (4)
      objectReference: {fileID: 0}
    - target: {fileID: -4216859302048453862, guid: 6b32c8bd320e6d348a5c3e885360d493,
        type: 3}
      propertyPath: m_LocalPosition.x
      value: -27.162
      objectReference: {fileID: 0}
    - target: {fileID: -4216859302048453862, guid: 6b32c8bd320e6d348a5c3e885360d493,
        type: 3}
      propertyPath: m_LocalPosition.y
      value: 0.036348
      objectReference: {fileID: 0}
    - target: {fileID: -4216859302048453862, guid: 6b32c8bd320e6d348a5c3e885360d493,
        type: 3}
      propertyPath: m_LocalPosition.z
      value: -4.5234
      objectReference: {fileID: 0}
    - target: {fileID: -4216859302048453862, guid: 6b32c8bd320e6d348a5c3e885360d493,
        type: 3}
      propertyPath: m_LocalRotation.x
      value: 0
      objectReference: {fileID: 0}
    - target: {fileID: -4216859302048453862, guid: 6b32c8bd320e6d348a5c3e885360d493,
        type: 3}
      propertyPath: m_LocalRotation.y
      value: 0.7071068
      objectReference: {fileID: 0}
    - target: {fileID: -4216859302048453862, guid: 6b32c8bd320e6d348a5c3e885360d493,
        type: 3}
      propertyPath: m_LocalRotation.z
      value: 0
      objectReference: {fileID: 0}
    - target: {fileID: -4216859302048453862, guid: 6b32c8bd320e6d348a5c3e885360d493,
        type: 3}
      propertyPath: m_LocalRotation.w
      value: 0.7071068
      objectReference: {fileID: 0}
    - target: {fileID: -4216859302048453862, guid: 6b32c8bd320e6d348a5c3e885360d493,
        type: 3}
      propertyPath: m_RootOrder
      value: 21
      objectReference: {fileID: 0}
    - target: {fileID: -4216859302048453862, guid: 6b32c8bd320e6d348a5c3e885360d493,
        type: 3}
      propertyPath: m_LocalEulerAnglesHint.x
      value: 0
      objectReference: {fileID: 0}
    - target: {fileID: -4216859302048453862, guid: 6b32c8bd320e6d348a5c3e885360d493,
        type: 3}
      propertyPath: m_LocalEulerAnglesHint.y
      value: 90
      objectReference: {fileID: 0}
    - target: {fileID: -4216859302048453862, guid: 6b32c8bd320e6d348a5c3e885360d493,
        type: 3}
      propertyPath: m_LocalEulerAnglesHint.z
      value: 0
      objectReference: {fileID: 0}
    - target: {fileID: -4216859302048453862, guid: 6b32c8bd320e6d348a5c3e885360d493,
        type: 3}
      propertyPath: m_LocalScale.x
      value: 0.061266
      objectReference: {fileID: 0}
    m_RemovedComponents: []
  m_SourcePrefab: {fileID: 100100000, guid: 6b32c8bd320e6d348a5c3e885360d493, type: 3}
--- !u!1001 &139156440
PrefabInstance:
  m_ObjectHideFlags: 0
  serializedVersion: 2
  m_Modification:
    m_TransformParent: {fileID: 0}
    m_Modifications:
    - target: {fileID: 3114821161036089474, guid: f62dc182854cad42b9853432e156d4e2,
        type: 3}
      propertyPath: m_Name
      value: CuboSpostabile (1)
      objectReference: {fileID: 0}
    - target: {fileID: 3114821161036089474, guid: f62dc182854cad42b9853432e156d4e2,
        type: 3}
      propertyPath: m_TagString
      value: PickUp
      objectReference: {fileID: 0}
    - target: {fileID: 3114821161036089474, guid: f62dc182854cad42b9853432e156d4e2,
        type: 3}
      propertyPath: m_Layer
      value: 8
      objectReference: {fileID: 0}
    - target: {fileID: 3114821161036089474, guid: f62dc182854cad42b9853432e156d4e2,
        type: 3}
      propertyPath: m_IsActive
      value: 0
      objectReference: {fileID: 0}
    - target: {fileID: 8475677524389475519, guid: f62dc182854cad42b9853432e156d4e2,
        type: 3}
      propertyPath: m_LocalPosition.x
      value: 125.90668
      objectReference: {fileID: 0}
    - target: {fileID: 8475677524389475519, guid: f62dc182854cad42b9853432e156d4e2,
        type: 3}
      propertyPath: m_LocalPosition.y
      value: 10.935
      objectReference: {fileID: 0}
    - target: {fileID: 8475677524389475519, guid: f62dc182854cad42b9853432e156d4e2,
        type: 3}
      propertyPath: m_LocalPosition.z
      value: -0.24951196
      objectReference: {fileID: 0}
    - target: {fileID: 8475677524389475519, guid: f62dc182854cad42b9853432e156d4e2,
        type: 3}
      propertyPath: m_LocalRotation.x
      value: 0
      objectReference: {fileID: 0}
    - target: {fileID: 8475677524389475519, guid: f62dc182854cad42b9853432e156d4e2,
        type: 3}
      propertyPath: m_LocalRotation.y
      value: 0
      objectReference: {fileID: 0}
    - target: {fileID: 8475677524389475519, guid: f62dc182854cad42b9853432e156d4e2,
        type: 3}
      propertyPath: m_LocalRotation.z
      value: 0
      objectReference: {fileID: 0}
    - target: {fileID: 8475677524389475519, guid: f62dc182854cad42b9853432e156d4e2,
        type: 3}
      propertyPath: m_LocalRotation.w
      value: 1
      objectReference: {fileID: 0}
    - target: {fileID: 8475677524389475519, guid: f62dc182854cad42b9853432e156d4e2,
        type: 3}
      propertyPath: m_RootOrder
      value: 3
      objectReference: {fileID: 0}
    - target: {fileID: 8475677524389475519, guid: f62dc182854cad42b9853432e156d4e2,
        type: 3}
      propertyPath: m_LocalEulerAnglesHint.x
      value: 0
      objectReference: {fileID: 0}
    - target: {fileID: 8475677524389475519, guid: f62dc182854cad42b9853432e156d4e2,
        type: 3}
      propertyPath: m_LocalEulerAnglesHint.y
      value: 0
      objectReference: {fileID: 0}
    - target: {fileID: 8475677524389475519, guid: f62dc182854cad42b9853432e156d4e2,
        type: 3}
      propertyPath: m_LocalEulerAnglesHint.z
      value: 0
      objectReference: {fileID: 0}
    m_RemovedComponents: []
  m_SourcePrefab: {fileID: 100100000, guid: f62dc182854cad42b9853432e156d4e2, type: 3}
--- !u!1 &139156441 stripped
GameObject:
  m_CorrespondingSourceObject: {fileID: 3114821161036089474, guid: f62dc182854cad42b9853432e156d4e2,
    type: 3}
  m_PrefabInstance: {fileID: 139156440}
  m_PrefabAsset: {fileID: 0}
--- !u!54 &139156442
Rigidbody:
  m_ObjectHideFlags: 0
  m_CorrespondingSourceObject: {fileID: 0}
  m_PrefabInstance: {fileID: 0}
  m_PrefabAsset: {fileID: 0}
  m_GameObject: {fileID: 139156441}
  serializedVersion: 2
  m_Mass: 10
  m_Drag: 0
  m_AngularDrag: 0.05
  m_UseGravity: 1
  m_IsKinematic: 0
  m_Interpolate: 0
  m_Constraints: 0
  m_CollisionDetection: 0
--- !u!1 &185587976
GameObject:
  m_ObjectHideFlags: 0
  m_CorrespondingSourceObject: {fileID: 0}
  m_PrefabInstance: {fileID: 0}
  m_PrefabAsset: {fileID: 0}
  serializedVersion: 6
  m_Component:
  - component: {fileID: 185587978}
  - component: {fileID: 185587977}
  m_Layer: 0
  m_Name: Point Light (6)
  m_TagString: Untagged
  m_Icon: {fileID: 0}
  m_NavMeshLayer: 0
  m_StaticEditorFlags: 0
  m_IsActive: 1
--- !u!108 &185587977
Light:
  m_ObjectHideFlags: 0
  m_CorrespondingSourceObject: {fileID: 0}
  m_PrefabInstance: {fileID: 0}
  m_PrefabAsset: {fileID: 0}
  m_GameObject: {fileID: 185587976}
  m_Enabled: 1
  serializedVersion: 9
  m_Type: 2
  m_Color: {r: 1, g: 1, b: 1, a: 1}
  m_Intensity: 4
  m_Range: 10
  m_SpotAngle: 30
  m_InnerSpotAngle: 21.80208
  m_CookieSize: 10
  m_Shadows:
    m_Type: 0
    m_Resolution: -1
    m_CustomResolution: -1
    m_Strength: 1
    m_Bias: 0.05
    m_NormalBias: 0.4
    m_NearPlane: 0.2
    m_CullingMatrixOverride:
      e00: 1
      e01: 0
      e02: 0
      e03: 0
      e10: 0
      e11: 1
      e12: 0
      e13: 0
      e20: 0
      e21: 0
      e22: 1
      e23: 0
      e30: 0
      e31: 0
      e32: 0
      e33: 1
    m_UseCullingMatrixOverride: 0
  m_Cookie: {fileID: 0}
  m_DrawHalo: 0
  m_Flare: {fileID: 0}
  m_RenderMode: 0
  m_CullingMask:
    serializedVersion: 2
    m_Bits: 4294967295
  m_RenderingLayerMask: 1
  m_Lightmapping: 4
  m_LightShadowCasterMode: 0
  m_AreaSize: {x: 1, y: 1}
  m_BounceIntensity: 1
  m_ColorTemperature: 6570
  m_UseColorTemperature: 0
  m_BoundingSphereOverride: {x: 0, y: 0, z: 0, w: 0}
  m_UseBoundingSphereOverride: 0
  m_ShadowRadius: 0
  m_ShadowAngle: 0
--- !u!4 &185587978
Transform:
  m_ObjectHideFlags: 0
  m_CorrespondingSourceObject: {fileID: 0}
  m_PrefabInstance: {fileID: 0}
  m_PrefabAsset: {fileID: 0}
  m_GameObject: {fileID: 185587976}
  m_LocalRotation: {x: -0, y: -0, z: -0, w: 1}
  m_LocalPosition: {x: -19.410004, y: 3.8502808, z: -0.8999995}
  m_LocalScale: {x: 1, y: 1, z: 1}
  m_Children: []
  m_Father: {fileID: 2687291303549059347}
  m_RootOrder: 18
  m_LocalEulerAnglesHint: {x: 0, y: 0, z: 0}
--- !u!1001 &231433509
PrefabInstance:
  m_ObjectHideFlags: 0
  serializedVersion: 2
  m_Modification:
    m_TransformParent: {fileID: 0}
    m_Modifications:
    - target: {fileID: 3465101218518676439, guid: f15789b48eae8cd48b6a7da3ed25fa7e,
        type: 3}
      propertyPath: m_Name
      value: CuboGrab
      objectReference: {fileID: 0}
    - target: {fileID: 3465101218518676428, guid: f15789b48eae8cd48b6a7da3ed25fa7e,
        type: 3}
      propertyPath: m_LocalPosition.x
      value: 124.6
      objectReference: {fileID: 0}
    - target: {fileID: 3465101218518676428, guid: f15789b48eae8cd48b6a7da3ed25fa7e,
        type: 3}
      propertyPath: m_LocalPosition.y
      value: 11.15
      objectReference: {fileID: 0}
    - target: {fileID: 3465101218518676428, guid: f15789b48eae8cd48b6a7da3ed25fa7e,
        type: 3}
      propertyPath: m_LocalPosition.z
      value: 2.92
      objectReference: {fileID: 0}
    - target: {fileID: 3465101218518676428, guid: f15789b48eae8cd48b6a7da3ed25fa7e,
        type: 3}
      propertyPath: m_LocalRotation.x
      value: 0
      objectReference: {fileID: 0}
    - target: {fileID: 3465101218518676428, guid: f15789b48eae8cd48b6a7da3ed25fa7e,
        type: 3}
      propertyPath: m_LocalRotation.y
      value: 0
      objectReference: {fileID: 0}
    - target: {fileID: 3465101218518676428, guid: f15789b48eae8cd48b6a7da3ed25fa7e,
        type: 3}
      propertyPath: m_LocalRotation.z
      value: 0
      objectReference: {fileID: 0}
    - target: {fileID: 3465101218518676428, guid: f15789b48eae8cd48b6a7da3ed25fa7e,
        type: 3}
      propertyPath: m_LocalRotation.w
      value: 1
      objectReference: {fileID: 0}
    - target: {fileID: 3465101218518676428, guid: f15789b48eae8cd48b6a7da3ed25fa7e,
        type: 3}
      propertyPath: m_RootOrder
      value: 4
      objectReference: {fileID: 0}
    - target: {fileID: 3465101218518676428, guid: f15789b48eae8cd48b6a7da3ed25fa7e,
        type: 3}
      propertyPath: m_LocalEulerAnglesHint.x
      value: 0
      objectReference: {fileID: 0}
    - target: {fileID: 3465101218518676428, guid: f15789b48eae8cd48b6a7da3ed25fa7e,
        type: 3}
      propertyPath: m_LocalEulerAnglesHint.y
      value: 0
      objectReference: {fileID: 0}
    - target: {fileID: 3465101218518676428, guid: f15789b48eae8cd48b6a7da3ed25fa7e,
        type: 3}
      propertyPath: m_LocalEulerAnglesHint.z
      value: 0
      objectReference: {fileID: 0}
    - target: {fileID: 3465101218518676428, guid: f15789b48eae8cd48b6a7da3ed25fa7e,
        type: 3}
      propertyPath: m_LocalScale.x
      value: 0.6
      objectReference: {fileID: 0}
    - target: {fileID: 3465101218518676428, guid: f15789b48eae8cd48b6a7da3ed25fa7e,
        type: 3}
      propertyPath: m_LocalScale.y
      value: 0.6
      objectReference: {fileID: 0}
    - target: {fileID: 3465101218518676428, guid: f15789b48eae8cd48b6a7da3ed25fa7e,
        type: 3}
      propertyPath: m_LocalScale.z
      value: 0.6
      objectReference: {fileID: 0}
    - target: {fileID: 7118337474747352411, guid: f15789b48eae8cd48b6a7da3ed25fa7e,
        type: 3}
      propertyPath: E_Image
      value: 
      objectReference: {fileID: 2083042033}
    - target: {fileID: 7118337474747352411, guid: f15789b48eae8cd48b6a7da3ed25fa7e,
        type: 3}
      propertyPath: canvas
      value: 
      objectReference: {fileID: 1942714611}
    m_RemovedComponents: []
  m_SourcePrefab: {fileID: 100100000, guid: f15789b48eae8cd48b6a7da3ed25fa7e, type: 3}
--- !u!1001 &450314429
PrefabInstance:
  m_ObjectHideFlags: 0
  serializedVersion: 2
  m_Modification:
    m_TransformParent: {fileID: 0}
    m_Modifications:
    - target: {fileID: 3465101218518676439, guid: f15789b48eae8cd48b6a7da3ed25fa7e,
        type: 3}
      propertyPath: m_Name
      value: CuboGrab (1)
      objectReference: {fileID: 0}
    - target: {fileID: 3465101218518676428, guid: f15789b48eae8cd48b6a7da3ed25fa7e,
        type: 3}
      propertyPath: m_LocalPosition.x
      value: 126.87
      objectReference: {fileID: 0}
    - target: {fileID: 3465101218518676428, guid: f15789b48eae8cd48b6a7da3ed25fa7e,
        type: 3}
      propertyPath: m_LocalPosition.y
      value: 11.15
      objectReference: {fileID: 0}
    - target: {fileID: 3465101218518676428, guid: f15789b48eae8cd48b6a7da3ed25fa7e,
        type: 3}
      propertyPath: m_LocalPosition.z
      value: 0.39
      objectReference: {fileID: 0}
    - target: {fileID: 3465101218518676428, guid: f15789b48eae8cd48b6a7da3ed25fa7e,
        type: 3}
      propertyPath: m_LocalRotation.x
      value: 0
      objectReference: {fileID: 0}
    - target: {fileID: 3465101218518676428, guid: f15789b48eae8cd48b6a7da3ed25fa7e,
        type: 3}
      propertyPath: m_LocalRotation.y
      value: 0
      objectReference: {fileID: 0}
    - target: {fileID: 3465101218518676428, guid: f15789b48eae8cd48b6a7da3ed25fa7e,
        type: 3}
      propertyPath: m_LocalRotation.z
      value: 0
      objectReference: {fileID: 0}
    - target: {fileID: 3465101218518676428, guid: f15789b48eae8cd48b6a7da3ed25fa7e,
        type: 3}
      propertyPath: m_LocalRotation.w
      value: 1
      objectReference: {fileID: 0}
    - target: {fileID: 3465101218518676428, guid: f15789b48eae8cd48b6a7da3ed25fa7e,
        type: 3}
      propertyPath: m_RootOrder
      value: 5
      objectReference: {fileID: 0}
    - target: {fileID: 3465101218518676428, guid: f15789b48eae8cd48b6a7da3ed25fa7e,
        type: 3}
      propertyPath: m_LocalEulerAnglesHint.x
      value: 0
      objectReference: {fileID: 0}
    - target: {fileID: 3465101218518676428, guid: f15789b48eae8cd48b6a7da3ed25fa7e,
        type: 3}
      propertyPath: m_LocalEulerAnglesHint.y
      value: 0
      objectReference: {fileID: 0}
    - target: {fileID: 3465101218518676428, guid: f15789b48eae8cd48b6a7da3ed25fa7e,
        type: 3}
      propertyPath: m_LocalEulerAnglesHint.z
      value: 0
      objectReference: {fileID: 0}
    - target: {fileID: 3465101218518676428, guid: f15789b48eae8cd48b6a7da3ed25fa7e,
        type: 3}
      propertyPath: m_LocalScale.x
      value: 0.6
      objectReference: {fileID: 0}
    - target: {fileID: 3465101218518676428, guid: f15789b48eae8cd48b6a7da3ed25fa7e,
        type: 3}
      propertyPath: m_LocalScale.y
      value: 0.6
      objectReference: {fileID: 0}
    - target: {fileID: 3465101218518676428, guid: f15789b48eae8cd48b6a7da3ed25fa7e,
        type: 3}
      propertyPath: m_LocalScale.z
      value: 0.6
      objectReference: {fileID: 0}
    - target: {fileID: 7118337474747352411, guid: f15789b48eae8cd48b6a7da3ed25fa7e,
        type: 3}
      propertyPath: E_Image
      value: 
      objectReference: {fileID: 2083042033}
    - target: {fileID: 7118337474747352411, guid: f15789b48eae8cd48b6a7da3ed25fa7e,
        type: 3}
      propertyPath: canvas
      value: 
      objectReference: {fileID: 1942714611}
    m_RemovedComponents: []
  m_SourcePrefab: {fileID: 100100000, guid: f15789b48eae8cd48b6a7da3ed25fa7e, type: 3}
--- !u!1001 &486260584
PrefabInstance:
  m_ObjectHideFlags: 0
  serializedVersion: 2
  m_Modification:
    m_TransformParent: {fileID: 2687291303549059347}
    m_Modifications:
    - target: {fileID: 7586383226024658110, guid: e690483c32fc4773c9ff8a895a7d231f,
        type: 3}
      propertyPath: m_Name
      value: Porta (1)
      objectReference: {fileID: 0}
    - target: {fileID: 6850932164187944621, guid: e690483c32fc4773c9ff8a895a7d231f,
        type: 3}
      propertyPath: m_LocalPosition.x
      value: -21.18
      objectReference: {fileID: 0}
    - target: {fileID: 6850932164187944621, guid: e690483c32fc4773c9ff8a895a7d231f,
        type: 3}
      propertyPath: m_LocalPosition.y
      value: -0.17221928
      objectReference: {fileID: 0}
    - target: {fileID: 6850932164187944621, guid: e690483c32fc4773c9ff8a895a7d231f,
        type: 3}
      propertyPath: m_LocalPosition.z
      value: -0.24
      objectReference: {fileID: 0}
    - target: {fileID: 6850932164187944621, guid: e690483c32fc4773c9ff8a895a7d231f,
        type: 3}
      propertyPath: m_LocalRotation.x
      value: 0
      objectReference: {fileID: 0}
    - target: {fileID: 6850932164187944621, guid: e690483c32fc4773c9ff8a895a7d231f,
        type: 3}
      propertyPath: m_LocalRotation.y
      value: 1
      objectReference: {fileID: 0}
    - target: {fileID: 6850932164187944621, guid: e690483c32fc4773c9ff8a895a7d231f,
        type: 3}
      propertyPath: m_LocalRotation.z
      value: 0
      objectReference: {fileID: 0}
    - target: {fileID: 6850932164187944621, guid: e690483c32fc4773c9ff8a895a7d231f,
        type: 3}
      propertyPath: m_LocalRotation.w
      value: 0
      objectReference: {fileID: 0}
    - target: {fileID: 6850932164187944621, guid: e690483c32fc4773c9ff8a895a7d231f,
        type: 3}
      propertyPath: m_RootOrder
      value: 13
      objectReference: {fileID: 0}
    - target: {fileID: 6850932164187944621, guid: e690483c32fc4773c9ff8a895a7d231f,
        type: 3}
      propertyPath: m_LocalEulerAnglesHint.x
      value: 0
      objectReference: {fileID: 0}
    - target: {fileID: 6850932164187944621, guid: e690483c32fc4773c9ff8a895a7d231f,
        type: 3}
      propertyPath: m_LocalEulerAnglesHint.y
      value: 180
      objectReference: {fileID: 0}
    - target: {fileID: 6850932164187944621, guid: e690483c32fc4773c9ff8a895a7d231f,
        type: 3}
      propertyPath: m_LocalEulerAnglesHint.z
      value: 0
      objectReference: {fileID: 0}
    - target: {fileID: 7770518188167572142, guid: e690483c32fc4773c9ff8a895a7d231f,
        type: 3}
      propertyPath: m_LocalPosition.x
      value: 5.78
      objectReference: {fileID: 0}
    - target: {fileID: 3626362243228131976, guid: e690483c32fc4773c9ff8a895a7d231f,
        type: 3}
      propertyPath: m_LocalPosition.x
      value: 9.63
      objectReference: {fileID: 0}
    - target: {fileID: 3626362243228131976, guid: e690483c32fc4773c9ff8a895a7d231f,
        type: 3}
      propertyPath: m_LocalScale.x
      value: 1.8835663
      objectReference: {fileID: 0}
    - target: {fileID: 3626362243228131976, guid: e690483c32fc4773c9ff8a895a7d231f,
        type: 3}
      propertyPath: m_LocalScale.y
      value: 4.5264206
      objectReference: {fileID: 0}
    - target: {fileID: 3626362243228131976, guid: e690483c32fc4773c9ff8a895a7d231f,
        type: 3}
      propertyPath: m_LocalScale.z
      value: 2.9905
      objectReference: {fileID: 0}
    - target: {fileID: 3626362243228131976, guid: e690483c32fc4773c9ff8a895a7d231f,
        type: 3}
      propertyPath: m_LocalPosition.y
      value: 4.5
      objectReference: {fileID: 0}
    m_RemovedComponents: []
  m_SourcePrefab: {fileID: 100100000, guid: e690483c32fc4773c9ff8a895a7d231f, type: 3}
--- !u!1 &688104830
GameObject:
  m_ObjectHideFlags: 0
  m_CorrespondingSourceObject: {fileID: 0}
  m_PrefabInstance: {fileID: 0}
  m_PrefabAsset: {fileID: 0}
  serializedVersion: 6
  m_Component:
  - component: {fileID: 688104832}
  - component: {fileID: 688104831}
  m_Layer: 0
  m_Name: Point Light (8)
  m_TagString: Untagged
  m_Icon: {fileID: 0}
  m_NavMeshLayer: 0
  m_StaticEditorFlags: 0
  m_IsActive: 1
--- !u!108 &688104831
Light:
  m_ObjectHideFlags: 0
  m_CorrespondingSourceObject: {fileID: 0}
  m_PrefabInstance: {fileID: 0}
  m_PrefabAsset: {fileID: 0}
  m_GameObject: {fileID: 688104830}
  m_Enabled: 1
  serializedVersion: 9
  m_Type: 2
  m_Color: {r: 1, g: 1, b: 1, a: 1}
  m_Intensity: 4
  m_Range: 10
  m_SpotAngle: 30
  m_InnerSpotAngle: 21.80208
  m_CookieSize: 10
  m_Shadows:
    m_Type: 0
    m_Resolution: -1
    m_CustomResolution: -1
    m_Strength: 1
    m_Bias: 0.05
    m_NormalBias: 0.4
    m_NearPlane: 0.2
    m_CullingMatrixOverride:
      e00: 1
      e01: 0
      e02: 0
      e03: 0
      e10: 0
      e11: 1
      e12: 0
      e13: 0
      e20: 0
      e21: 0
      e22: 1
      e23: 0
      e30: 0
      e31: 0
      e32: 0
      e33: 1
    m_UseCullingMatrixOverride: 0
  m_Cookie: {fileID: 0}
  m_DrawHalo: 0
  m_Flare: {fileID: 0}
  m_RenderMode: 0
  m_CullingMask:
    serializedVersion: 2
    m_Bits: 4294967295
  m_RenderingLayerMask: 1
  m_Lightmapping: 4
  m_LightShadowCasterMode: 0
  m_AreaSize: {x: 1, y: 1}
  m_BounceIntensity: 1
  m_ColorTemperature: 6570
  m_UseColorTemperature: 0
  m_BoundingSphereOverride: {x: 0, y: 0, z: 0, w: 0}
  m_UseBoundingSphereOverride: 0
  m_ShadowRadius: 0
  m_ShadowAngle: 0
--- !u!4 &688104832
Transform:
  m_ObjectHideFlags: 0
  m_CorrespondingSourceObject: {fileID: 0}
  m_PrefabInstance: {fileID: 0}
  m_PrefabAsset: {fileID: 0}
  m_GameObject: {fileID: 688104830}
  m_LocalRotation: {x: -0, y: -0, z: -0, w: 1}
  m_LocalPosition: {x: -28.890001, y: 5.860281, z: -0.8999996}
  m_LocalScale: {x: 1, y: 1, z: 1}
  m_Children: []
  m_Father: {fileID: 2687291303549059347}
  m_RootOrder: 20
  m_LocalEulerAnglesHint: {x: 0, y: 0, z: 0}
--- !u!1 &985487208
GameObject:
  m_ObjectHideFlags: 0
  m_CorrespondingSourceObject: {fileID: 0}
  m_PrefabInstance: {fileID: 0}
  m_PrefabAsset: {fileID: 0}
  serializedVersion: 6
  m_Component:
  - component: {fileID: 985487210}
  - component: {fileID: 985487209}
  m_Layer: 0
  m_Name: Point Light (5)
  m_TagString: Untagged
  m_Icon: {fileID: 0}
  m_NavMeshLayer: 0
  m_StaticEditorFlags: 0
  m_IsActive: 1
--- !u!108 &985487209
Light:
  m_ObjectHideFlags: 0
  m_CorrespondingSourceObject: {fileID: 0}
  m_PrefabInstance: {fileID: 0}
  m_PrefabAsset: {fileID: 0}
  m_GameObject: {fileID: 985487208}
  m_Enabled: 1
  serializedVersion: 9
  m_Type: 2
  m_Color: {r: 1, g: 1, b: 1, a: 1}
  m_Intensity: 4
  m_Range: 10
  m_SpotAngle: 30
  m_InnerSpotAngle: 21.80208
  m_CookieSize: 10
  m_Shadows:
    m_Type: 0
    m_Resolution: -1
    m_CustomResolution: -1
    m_Strength: 1
    m_Bias: 0.05
    m_NormalBias: 0.4
    m_NearPlane: 0.2
    m_CullingMatrixOverride:
      e00: 1
      e01: 0
      e02: 0
      e03: 0
      e10: 0
      e11: 1
      e12: 0
      e13: 0
      e20: 0
      e21: 0
      e22: 1
      e23: 0
      e30: 0
      e31: 0
      e32: 0
      e33: 1
    m_UseCullingMatrixOverride: 0
  m_Cookie: {fileID: 0}
  m_DrawHalo: 0
  m_Flare: {fileID: 0}
  m_RenderMode: 0
  m_CullingMask:
    serializedVersion: 2
    m_Bits: 4294967295
  m_RenderingLayerMask: 1
  m_Lightmapping: 4
  m_LightShadowCasterMode: 0
  m_AreaSize: {x: 1, y: 1}
  m_BounceIntensity: 1
  m_ColorTemperature: 6570
  m_UseColorTemperature: 0
  m_BoundingSphereOverride: {x: 0, y: 0, z: 0, w: 0}
  m_UseBoundingSphereOverride: 0
  m_ShadowRadius: 0
  m_ShadowAngle: 0
--- !u!4 &985487210
Transform:
  m_ObjectHideFlags: 0
  m_CorrespondingSourceObject: {fileID: 0}
  m_PrefabInstance: {fileID: 0}
  m_PrefabAsset: {fileID: 0}
  m_GameObject: {fileID: 985487208}
  m_LocalRotation: {x: -0, y: -0, z: -0, w: 1}
  m_LocalPosition: {x: -12.529999, y: 3.8502808, z: -0.8999996}
  m_LocalScale: {x: 1, y: 1, z: 1}
  m_Children: []
  m_Father: {fileID: 2687291303549059347}
  m_RootOrder: 17
  m_LocalEulerAnglesHint: {x: 0, y: 0, z: 0}
--- !u!1001 &1062380545
PrefabInstance:
  m_ObjectHideFlags: 0
  serializedVersion: 2
  m_Modification:
    m_TransformParent: {fileID: 2687291303549059347}
    m_Modifications:
    - target: {fileID: -927199367670048503, guid: 459c5a247bcfd904b82f4385adaa851b,
        type: 3}
      propertyPath: m_Name
      value: PareteIngresso
      objectReference: {fileID: 0}
    - target: {fileID: -927199367670048503, guid: 459c5a247bcfd904b82f4385adaa851b,
        type: 3}
      propertyPath: m_IsActive
      value: 1
      objectReference: {fileID: 0}
    - target: {fileID: -4216859302048453862, guid: 459c5a247bcfd904b82f4385adaa851b,
        type: 3}
      propertyPath: m_LocalPosition.x
      value: -28.258001
      objectReference: {fileID: 0}
    - target: {fileID: -4216859302048453862, guid: 459c5a247bcfd904b82f4385adaa851b,
        type: 3}
      propertyPath: m_LocalPosition.y
      value: -0.16221905
      objectReference: {fileID: 0}
    - target: {fileID: -4216859302048453862, guid: 459c5a247bcfd904b82f4385adaa851b,
        type: 3}
      propertyPath: m_LocalPosition.z
      value: -0.53999996
      objectReference: {fileID: 0}
    - target: {fileID: -4216859302048453862, guid: 459c5a247bcfd904b82f4385adaa851b,
        type: 3}
      propertyPath: m_LocalRotation.x
      value: -0
      objectReference: {fileID: 0}
    - target: {fileID: -4216859302048453862, guid: 459c5a247bcfd904b82f4385adaa851b,
        type: 3}
      propertyPath: m_LocalRotation.y
      value: -0
      objectReference: {fileID: 0}
    - target: {fileID: -4216859302048453862, guid: 459c5a247bcfd904b82f4385adaa851b,
        type: 3}
      propertyPath: m_LocalRotation.z
      value: -0
      objectReference: {fileID: 0}
    - target: {fileID: -4216859302048453862, guid: 459c5a247bcfd904b82f4385adaa851b,
        type: 3}
      propertyPath: m_LocalRotation.w
      value: 1
      objectReference: {fileID: 0}
    - target: {fileID: -4216859302048453862, guid: 459c5a247bcfd904b82f4385adaa851b,
        type: 3}
      propertyPath: m_RootOrder
      value: 14
      objectReference: {fileID: 0}
    - target: {fileID: -4216859302048453862, guid: 459c5a247bcfd904b82f4385adaa851b,
        type: 3}
      propertyPath: m_LocalEulerAnglesHint.x
      value: 0
      objectReference: {fileID: 0}
    - target: {fileID: -4216859302048453862, guid: 459c5a247bcfd904b82f4385adaa851b,
        type: 3}
      propertyPath: m_LocalEulerAnglesHint.y
      value: 0
      objectReference: {fileID: 0}
    - target: {fileID: -4216859302048453862, guid: 459c5a247bcfd904b82f4385adaa851b,
        type: 3}
      propertyPath: m_LocalEulerAnglesHint.z
      value: 0
      objectReference: {fileID: 0}
    m_RemovedComponents: []
  m_SourcePrefab: {fileID: 100100000, guid: 459c5a247bcfd904b82f4385adaa851b, type: 3}
--- !u!1 &1158973789
GameObject:
  m_ObjectHideFlags: 0
  m_CorrespondingSourceObject: {fileID: 0}
  m_PrefabInstance: {fileID: 0}
  m_PrefabAsset: {fileID: 0}
  serializedVersion: 6
  m_Component:
  - component: {fileID: 1158973791}
  - component: {fileID: 1158973790}
  m_Layer: 0
  m_Name: Point Light (7)
  m_TagString: Untagged
  m_Icon: {fileID: 0}
  m_NavMeshLayer: 0
  m_StaticEditorFlags: 0
  m_IsActive: 1
--- !u!108 &1158973790
Light:
  m_ObjectHideFlags: 0
  m_CorrespondingSourceObject: {fileID: 0}
  m_PrefabInstance: {fileID: 0}
  m_PrefabAsset: {fileID: 0}
  m_GameObject: {fileID: 1158973789}
  m_Enabled: 1
  serializedVersion: 9
  m_Type: 2
  m_Color: {r: 1, g: 1, b: 1, a: 1}
  m_Intensity: 4
  m_Range: 10
  m_SpotAngle: 30
  m_InnerSpotAngle: 21.80208
  m_CookieSize: 10
  m_Shadows:
    m_Type: 0
    m_Resolution: -1
    m_CustomResolution: -1
    m_Strength: 1
    m_Bias: 0.05
    m_NormalBias: 0.4
    m_NearPlane: 0.2
    m_CullingMatrixOverride:
      e00: 1
      e01: 0
      e02: 0
      e03: 0
      e10: 0
      e11: 1
      e12: 0
      e13: 0
      e20: 0
      e21: 0
      e22: 1
      e23: 0
      e30: 0
      e31: 0
      e32: 0
      e33: 1
    m_UseCullingMatrixOverride: 0
  m_Cookie: {fileID: 0}
  m_DrawHalo: 0
  m_Flare: {fileID: 0}
  m_RenderMode: 0
  m_CullingMask:
    serializedVersion: 2
    m_Bits: 4294967295
  m_RenderingLayerMask: 1
  m_Lightmapping: 4
  m_LightShadowCasterMode: 0
  m_AreaSize: {x: 1, y: 1}
  m_BounceIntensity: 1
  m_ColorTemperature: 6570
  m_UseColorTemperature: 0
  m_BoundingSphereOverride: {x: 0, y: 0, z: 0, w: 0}
  m_UseBoundingSphereOverride: 0
  m_ShadowRadius: 0
  m_ShadowAngle: 0
--- !u!4 &1158973791
Transform:
  m_ObjectHideFlags: 0
  m_CorrespondingSourceObject: {fileID: 0}
  m_PrefabInstance: {fileID: 0}
  m_PrefabAsset: {fileID: 0}
  m_GameObject: {fileID: 1158973789}
  m_LocalRotation: {x: -0, y: -0, z: -0, w: 1}
  m_LocalPosition: {x: -6.2300034, y: 4.005781, z: -0.8999996}
  m_LocalScale: {x: 1, y: 1, z: 1}
  m_Children: []
  m_Father: {fileID: 2687291303549059347}
  m_RootOrder: 19
  m_LocalEulerAnglesHint: {x: 0, y: 0, z: 0}
--- !u!1001 &1563601719
PrefabInstance:
  m_ObjectHideFlags: 0
  serializedVersion: 2
  m_Modification:
    m_TransformParent: {fileID: 2687291303549059347}
    m_Modifications:
    - target: {fileID: 6850932164187944621, guid: e690483c32fc4773c9ff8a895a7d231f,
        type: 3}
      propertyPath: m_LocalPosition.y
      value: 4.7209997
      objectReference: {fileID: 0}
    - target: {fileID: 6850932164187944621, guid: e690483c32fc4773c9ff8a895a7d231f,
        type: 3}
      propertyPath: m_LocalPosition.x
      value: -5.37
      objectReference: {fileID: 0}
    - target: {fileID: 6850932164187944621, guid: e690483c32fc4773c9ff8a895a7d231f,
        type: 3}
      propertyPath: m_LocalPosition.z
      value: -0.55999994
      objectReference: {fileID: 0}
    - target: {fileID: 6850932164187944621, guid: e690483c32fc4773c9ff8a895a7d231f,
        type: 3}
      propertyPath: m_LocalRotation.y
      value: -0
      objectReference: {fileID: 0}
    - target: {fileID: 6850932164187944621, guid: e690483c32fc4773c9ff8a895a7d231f,
        type: 3}
      propertyPath: m_LocalRotation.w
      value: 1
      objectReference: {fileID: 0}
    - target: {fileID: 6850932164187944621, guid: e690483c32fc4773c9ff8a895a7d231f,
        type: 3}
      propertyPath: m_LocalEulerAnglesHint.y
      value: 0
      objectReference: {fileID: 0}
    - target: {fileID: 6850932164187944621, guid: e690483c32fc4773c9ff8a895a7d231f,
        type: 3}
      propertyPath: m_RootOrder
      value: 22
      objectReference: {fileID: 0}
    - target: {fileID: 6850932164187944621, guid: e690483c32fc4773c9ff8a895a7d231f,
        type: 3}
      propertyPath: m_LocalRotation.x
      value: -0
      objectReference: {fileID: 0}
    - target: {fileID: 6850932164187944621, guid: e690483c32fc4773c9ff8a895a7d231f,
        type: 3}
      propertyPath: m_LocalRotation.z
      value: -0
      objectReference: {fileID: 0}
    - target: {fileID: 7770518188167572142, guid: e690483c32fc4773c9ff8a895a7d231f,
        type: 3}
      propertyPath: m_LocalPosition.x
      value: 5.98
      objectReference: {fileID: 0}
    - target: {fileID: 6519432125182445376, guid: e690483c32fc4773c9ff8a895a7d231f,
        type: 3}
      propertyPath: m_Name
      value: Porta
      objectReference: {fileID: 0}
    - target: {fileID: 7792059827812037971, guid: e690483c32fc4773c9ff8a895a7d231f,
        type: 3}
      propertyPath: m_LocalPosition.x
      value: -21.11
      objectReference: {fileID: 0}
    - target: {fileID: 7792059827812037971, guid: e690483c32fc4773c9ff8a895a7d231f,
        type: 3}
      propertyPath: m_LocalPosition.y
      value: -0.81
      objectReference: {fileID: 0}
    - target: {fileID: 7792059827812037971, guid: e690483c32fc4773c9ff8a895a7d231f,
        type: 3}
      propertyPath: m_LocalPosition.z
      value: -8.12
      objectReference: {fileID: 0}
    - target: {fileID: 7792059827812037971, guid: e690483c32fc4773c9ff8a895a7d231f,
        type: 3}
      propertyPath: m_LocalRotation.x
      value: 0
      objectReference: {fileID: 0}
    - target: {fileID: 7792059827812037971, guid: e690483c32fc4773c9ff8a895a7d231f,
        type: 3}
      propertyPath: m_LocalRotation.y
      value: 0.7071068
      objectReference: {fileID: 0}
    - target: {fileID: 7792059827812037971, guid: e690483c32fc4773c9ff8a895a7d231f,
        type: 3}
      propertyPath: m_LocalRotation.z
      value: 0
      objectReference: {fileID: 0}
    - target: {fileID: 7792059827812037971, guid: e690483c32fc4773c9ff8a895a7d231f,
        type: 3}
      propertyPath: m_LocalRotation.w
      value: 0.7071068
      objectReference: {fileID: 0}
    - target: {fileID: 7792059827812037971, guid: e690483c32fc4773c9ff8a895a7d231f,
        type: 3}
      propertyPath: m_RootOrder
      value: 2
      objectReference: {fileID: 0}
    - target: {fileID: 7792059827812037971, guid: e690483c32fc4773c9ff8a895a7d231f,
        type: 3}
      propertyPath: m_LocalEulerAnglesHint.x
      value: 0
      objectReference: {fileID: 0}
    - target: {fileID: 7792059827812037971, guid: e690483c32fc4773c9ff8a895a7d231f,
        type: 3}
      propertyPath: m_LocalEulerAnglesHint.y
      value: 90
      objectReference: {fileID: 0}
    - target: {fileID: 7792059827812037971, guid: e690483c32fc4773c9ff8a895a7d231f,
        type: 3}
      propertyPath: m_LocalEulerAnglesHint.z
      value: 0
      objectReference: {fileID: 0}
    - target: {fileID: 323529066970004008, guid: e690483c32fc4773c9ff8a895a7d231f,
        type: 3}
      propertyPath: aperta
      value: 0
      objectReference: {fileID: 0}
    - target: {fileID: 6957915783695867353, guid: e690483c32fc4773c9ff8a895a7d231f,
        type: 3}
      propertyPath: m_Enabled
      value: 0
      objectReference: {fileID: 0}
    - target: {fileID: 4571076207657146176, guid: e690483c32fc4773c9ff8a895a7d231f,
        type: 3}
      propertyPath: m_Enabled
      value: 0
      objectReference: {fileID: 0}
    m_RemovedComponents: []
  m_SourcePrefab: {fileID: 100100000, guid: e690483c32fc4773c9ff8a895a7d231f, type: 3}
--- !u!114 &1563601720 stripped
MonoBehaviour:
  m_CorrespondingSourceObject: {fileID: 4045328227588289218, guid: e690483c32fc4773c9ff8a895a7d231f,
    type: 3}
  m_PrefabInstance: {fileID: 1563601719}
  m_PrefabAsset: {fileID: 0}
  m_GameObject: {fileID: 0}
  m_Enabled: 1
  m_EditorHideFlags: 0
  m_Script: {fileID: 11500000, guid: bd6b3a09a37d095c683da0e69053841b, type: 3}
  m_Name: 
  m_EditorClassIdentifier: 
--- !u!1001 &1610655553
PrefabInstance:
  m_ObjectHideFlags: 0
  serializedVersion: 2
  m_Modification:
    m_TransformParent: {fileID: 0}
    m_Modifications:
    - target: {fileID: 3114821161036089474, guid: f62dc182854cad42b9853432e156d4e2,
        type: 3}
      propertyPath: m_Name
      value: CuboSpostabile
      objectReference: {fileID: 0}
    - target: {fileID: 3114821161036089474, guid: f62dc182854cad42b9853432e156d4e2,
        type: 3}
      propertyPath: m_TagString
      value: PickUp
      objectReference: {fileID: 0}
    - target: {fileID: 3114821161036089474, guid: f62dc182854cad42b9853432e156d4e2,
        type: 3}
      propertyPath: m_Layer
      value: 8
      objectReference: {fileID: 0}
    - target: {fileID: 3114821161036089474, guid: f62dc182854cad42b9853432e156d4e2,
        type: 3}
      propertyPath: m_IsActive
      value: 0
      objectReference: {fileID: 0}
    - target: {fileID: 8475677524389475519, guid: f62dc182854cad42b9853432e156d4e2,
        type: 3}
      propertyPath: m_LocalPosition.x
      value: 121.542755
      objectReference: {fileID: 0}
    - target: {fileID: 8475677524389475519, guid: f62dc182854cad42b9853432e156d4e2,
        type: 3}
      propertyPath: m_LocalPosition.y
      value: 10.821
      objectReference: {fileID: 0}
    - target: {fileID: 8475677524389475519, guid: f62dc182854cad42b9853432e156d4e2,
        type: 3}
      propertyPath: m_LocalPosition.z
      value: 4.7294855
      objectReference: {fileID: 0}
    - target: {fileID: 8475677524389475519, guid: f62dc182854cad42b9853432e156d4e2,
        type: 3}
      propertyPath: m_LocalRotation.x
      value: 0
      objectReference: {fileID: 0}
    - target: {fileID: 8475677524389475519, guid: f62dc182854cad42b9853432e156d4e2,
        type: 3}
      propertyPath: m_LocalRotation.y
      value: 0
      objectReference: {fileID: 0}
    - target: {fileID: 8475677524389475519, guid: f62dc182854cad42b9853432e156d4e2,
        type: 3}
      propertyPath: m_LocalRotation.z
      value: 0
      objectReference: {fileID: 0}
    - target: {fileID: 8475677524389475519, guid: f62dc182854cad42b9853432e156d4e2,
        type: 3}
      propertyPath: m_LocalRotation.w
      value: 1
      objectReference: {fileID: 0}
    - target: {fileID: 8475677524389475519, guid: f62dc182854cad42b9853432e156d4e2,
        type: 3}
      propertyPath: m_RootOrder
      value: 2
      objectReference: {fileID: 0}
    - target: {fileID: 8475677524389475519, guid: f62dc182854cad42b9853432e156d4e2,
        type: 3}
      propertyPath: m_LocalEulerAnglesHint.x
      value: 0
      objectReference: {fileID: 0}
    - target: {fileID: 8475677524389475519, guid: f62dc182854cad42b9853432e156d4e2,
        type: 3}
      propertyPath: m_LocalEulerAnglesHint.y
      value: 0
      objectReference: {fileID: 0}
    - target: {fileID: 8475677524389475519, guid: f62dc182854cad42b9853432e156d4e2,
        type: 3}
      propertyPath: m_LocalEulerAnglesHint.z
      value: 0
      objectReference: {fileID: 0}
    m_RemovedComponents: []
  m_SourcePrefab: {fileID: 100100000, guid: f62dc182854cad42b9853432e156d4e2, type: 3}
--- !u!1 &1610655554 stripped
GameObject:
  m_CorrespondingSourceObject: {fileID: 3114821161036089474, guid: f62dc182854cad42b9853432e156d4e2,
    type: 3}
  m_PrefabInstance: {fileID: 1610655553}
  m_PrefabAsset: {fileID: 0}
--- !u!54 &1610655555
Rigidbody:
  m_ObjectHideFlags: 0
  m_CorrespondingSourceObject: {fileID: 0}
  m_PrefabInstance: {fileID: 0}
  m_PrefabAsset: {fileID: 0}
  m_GameObject: {fileID: 1610655554}
  serializedVersion: 2
  m_Mass: 10
  m_Drag: 0
  m_AngularDrag: 0.05
  m_UseGravity: 1
  m_IsKinematic: 0
  m_Interpolate: 0
  m_Constraints: 0
  m_CollisionDetection: 0
--- !u!1001 &1681794988
PrefabInstance:
  m_ObjectHideFlags: 0
  serializedVersion: 2
  m_Modification:
    m_TransformParent: {fileID: 0}
    m_Modifications:
    - target: {fileID: 3114821161036089474, guid: f62dc182854cad42b9853432e156d4e2,
        type: 3}
      propertyPath: m_Name
      value: CuboSpostabile (2)
      objectReference: {fileID: 0}
    - target: {fileID: 3114821161036089474, guid: f62dc182854cad42b9853432e156d4e2,
        type: 3}
      propertyPath: m_TagString
      value: PickUp
      objectReference: {fileID: 0}
    - target: {fileID: 3114821161036089474, guid: f62dc182854cad42b9853432e156d4e2,
        type: 3}
      propertyPath: m_Layer
      value: 8
      objectReference: {fileID: 0}
    - target: {fileID: 3114821161036089474, guid: f62dc182854cad42b9853432e156d4e2,
        type: 3}
      propertyPath: m_IsActive
      value: 0
      objectReference: {fileID: 0}
    - target: {fileID: 8475677524389475519, guid: f62dc182854cad42b9853432e156d4e2,
        type: 3}
      propertyPath: m_LocalPosition.x
      value: 119.48285
      objectReference: {fileID: 0}
    - target: {fileID: 8475677524389475519, guid: f62dc182854cad42b9853432e156d4e2,
        type: 3}
      propertyPath: m_LocalPosition.y
      value: 10.9
      objectReference: {fileID: 0}
    - target: {fileID: 8475677524389475519, guid: f62dc182854cad42b9853432e156d4e2,
        type: 3}
      propertyPath: m_LocalPosition.z
      value: -0.09234619
      objectReference: {fileID: 0}
    - target: {fileID: 8475677524389475519, guid: f62dc182854cad42b9853432e156d4e2,
        type: 3}
      propertyPath: m_LocalRotation.x
      value: 0
      objectReference: {fileID: 0}
    - target: {fileID: 8475677524389475519, guid: f62dc182854cad42b9853432e156d4e2,
        type: 3}
      propertyPath: m_LocalRotation.y
      value: 0
      objectReference: {fileID: 0}
    - target: {fileID: 8475677524389475519, guid: f62dc182854cad42b9853432e156d4e2,
        type: 3}
      propertyPath: m_LocalRotation.z
      value: 0
      objectReference: {fileID: 0}
    - target: {fileID: 8475677524389475519, guid: f62dc182854cad42b9853432e156d4e2,
        type: 3}
      propertyPath: m_LocalRotation.w
      value: 1
      objectReference: {fileID: 0}
    - target: {fileID: 8475677524389475519, guid: f62dc182854cad42b9853432e156d4e2,
        type: 3}
      propertyPath: m_RootOrder
      value: 1
      objectReference: {fileID: 0}
    - target: {fileID: 8475677524389475519, guid: f62dc182854cad42b9853432e156d4e2,
        type: 3}
      propertyPath: m_LocalEulerAnglesHint.x
      value: 0
      objectReference: {fileID: 0}
    - target: {fileID: 8475677524389475519, guid: f62dc182854cad42b9853432e156d4e2,
        type: 3}
      propertyPath: m_LocalEulerAnglesHint.y
      value: 0
      objectReference: {fileID: 0}
    - target: {fileID: 8475677524389475519, guid: f62dc182854cad42b9853432e156d4e2,
        type: 3}
      propertyPath: m_LocalEulerAnglesHint.z
      value: 0
      objectReference: {fileID: 0}
    m_RemovedComponents: []
  m_SourcePrefab: {fileID: 100100000, guid: f62dc182854cad42b9853432e156d4e2, type: 3}
--- !u!1 &1681794989 stripped
GameObject:
  m_CorrespondingSourceObject: {fileID: 3114821161036089474, guid: f62dc182854cad42b9853432e156d4e2,
    type: 3}
  m_PrefabInstance: {fileID: 1681794988}
  m_PrefabAsset: {fileID: 0}
--- !u!54 &1681794990
Rigidbody:
  m_ObjectHideFlags: 0
  m_CorrespondingSourceObject: {fileID: 0}
  m_PrefabInstance: {fileID: 0}
  m_PrefabAsset: {fileID: 0}
  m_GameObject: {fileID: 1681794989}
  serializedVersion: 2
  m_Mass: 10
  m_Drag: 0
  m_AngularDrag: 0.05
  m_UseGravity: 1
  m_IsKinematic: 0
  m_Interpolate: 0
  m_Constraints: 0
  m_CollisionDetection: 0
--- !u!1 &1830829014
GameObject:
  m_ObjectHideFlags: 0
  m_CorrespondingSourceObject: {fileID: 0}
  m_PrefabInstance: {fileID: 0}
  m_PrefabAsset: {fileID: 0}
  serializedVersion: 6
  m_Component:
  - component: {fileID: 1830829016}
  - component: {fileID: 1830829015}
  m_Layer: 0
  m_Name: Point Light (4)
  m_TagString: Untagged
  m_Icon: {fileID: 0}
  m_NavMeshLayer: 0
  m_StaticEditorFlags: 0
  m_IsActive: 1
--- !u!108 &1830829015
Light:
  m_ObjectHideFlags: 0
  m_CorrespondingSourceObject: {fileID: 0}
  m_PrefabInstance: {fileID: 0}
  m_PrefabAsset: {fileID: 0}
  m_GameObject: {fileID: 1830829014}
  m_Enabled: 1
  serializedVersion: 9
  m_Type: 2
  m_Color: {r: 1, g: 1, b: 1, a: 1}
  m_Intensity: 4
  m_Range: 10
  m_SpotAngle: 30
  m_InnerSpotAngle: 21.80208
  m_CookieSize: 10
  m_Shadows:
    m_Type: 0
    m_Resolution: -1
    m_CustomResolution: -1
    m_Strength: 1
    m_Bias: 0.05
    m_NormalBias: 0.4
    m_NearPlane: 0.2
    m_CullingMatrixOverride:
      e00: 1
      e01: 0
      e02: 0
      e03: 0
      e10: 0
      e11: 1
      e12: 0
      e13: 0
      e20: 0
      e21: 0
      e22: 1
      e23: 0
      e30: 0
      e31: 0
      e32: 0
      e33: 1
    m_UseCullingMatrixOverride: 0
  m_Cookie: {fileID: 0}
  m_DrawHalo: 0
  m_Flare: {fileID: 0}
  m_RenderMode: 0
  m_CullingMask:
    serializedVersion: 2
    m_Bits: 4294967295
  m_RenderingLayerMask: 1
  m_Lightmapping: 4
  m_LightShadowCasterMode: 0
  m_AreaSize: {x: 1, y: 1}
  m_BounceIntensity: 1
  m_ColorTemperature: 6570
  m_UseColorTemperature: 0
  m_BoundingSphereOverride: {x: 0, y: 0, z: 0, w: 0}
  m_UseBoundingSphereOverride: 0
  m_ShadowRadius: 0
  m_ShadowAngle: 0
--- !u!4 &1830829016
Transform:
  m_ObjectHideFlags: 0
  m_CorrespondingSourceObject: {fileID: 0}
  m_PrefabInstance: {fileID: 0}
  m_PrefabAsset: {fileID: 0}
  m_GameObject: {fileID: 1830829014}
  m_LocalRotation: {x: -0, y: -0, z: -0, w: 1}
  m_LocalPosition: {x: -6.2300034, y: 7.91028, z: -0.8999996}
  m_LocalScale: {x: 1, y: 1, z: 1}
  m_Children: []
  m_Father: {fileID: 2687291303549059347}
  m_RootOrder: 16
  m_LocalEulerAnglesHint: {x: 0, y: 0, z: 0}
--- !u!1001 &1851062791
PrefabInstance:
  m_ObjectHideFlags: 0
  serializedVersion: 2
  m_Modification:
    m_TransformParent: {fileID: 2687291303549059347}
    m_Modifications:
    - target: {fileID: 7330365796618685608, guid: d6abaa45750c7e2e58cd6cb3480ce932,
        type: 3}
      propertyPath: m_Name
      value: PulsantePavimento
      objectReference: {fileID: 0}
    - target: {fileID: 6044368370960678587, guid: d6abaa45750c7e2e58cd6cb3480ce932,
        type: 3}
      propertyPath: m_LocalPosition.x
      value: -24.289993
      objectReference: {fileID: 0}
    - target: {fileID: 6044368370960678587, guid: d6abaa45750c7e2e58cd6cb3480ce932,
        type: 3}
      propertyPath: m_LocalPosition.y
      value: 4.703
      objectReference: {fileID: 0}
    - target: {fileID: 6044368370960678587, guid: d6abaa45750c7e2e58cd6cb3480ce932,
        type: 3}
      propertyPath: m_LocalPosition.z
      value: 3.4277
      objectReference: {fileID: 0}
    - target: {fileID: 6044368370960678587, guid: d6abaa45750c7e2e58cd6cb3480ce932,
        type: 3}
      propertyPath: m_LocalRotation.x
      value: -0
      objectReference: {fileID: 0}
    - target: {fileID: 6044368370960678587, guid: d6abaa45750c7e2e58cd6cb3480ce932,
        type: 3}
      propertyPath: m_LocalRotation.y
      value: 1
      objectReference: {fileID: 0}
    - target: {fileID: 6044368370960678587, guid: d6abaa45750c7e2e58cd6cb3480ce932,
        type: 3}
      propertyPath: m_LocalRotation.z
      value: -0
      objectReference: {fileID: 0}
    - target: {fileID: 6044368370960678587, guid: d6abaa45750c7e2e58cd6cb3480ce932,
        type: 3}
      propertyPath: m_LocalRotation.w
      value: 0
      objectReference: {fileID: 0}
    - target: {fileID: 6044368370960678587, guid: d6abaa45750c7e2e58cd6cb3480ce932,
        type: 3}
      propertyPath: m_RootOrder
      value: 23
      objectReference: {fileID: 0}
    - target: {fileID: 6044368370960678587, guid: d6abaa45750c7e2e58cd6cb3480ce932,
        type: 3}
      propertyPath: m_LocalEulerAnglesHint.x
      value: 0
      objectReference: {fileID: 0}
    - target: {fileID: 6044368370960678587, guid: d6abaa45750c7e2e58cd6cb3480ce932,
        type: 3}
      propertyPath: m_LocalEulerAnglesHint.y
      value: 180
      objectReference: {fileID: 0}
    - target: {fileID: 6044368370960678587, guid: d6abaa45750c7e2e58cd6cb3480ce932,
        type: 3}
      propertyPath: m_LocalEulerAnglesHint.z
      value: 0
      objectReference: {fileID: 0}
    - target: {fileID: 3089374994172634496, guid: d6abaa45750c7e2e58cd6cb3480ce932,
        type: 3}
      propertyPath: portaDaAprire
      value: 
      objectReference: {fileID: 1563601720}
    m_RemovedComponents: []
  m_SourcePrefab: {fileID: 100100000, guid: d6abaa45750c7e2e58cd6cb3480ce932, type: 3}
--- !u!1 &1942714608
GameObject:
  m_ObjectHideFlags: 0
  m_CorrespondingSourceObject: {fileID: 0}
  m_PrefabInstance: {fileID: 0}
  m_PrefabAsset: {fileID: 0}
  serializedVersion: 6
  m_Component:
  - component: {fileID: 1942714612}
  - component: {fileID: 1942714611}
  - component: {fileID: 1942714610}
  - component: {fileID: 1942714609}
  m_Layer: 5
  m_Name: Canvas
  m_TagString: Untagged
  m_Icon: {fileID: 0}
  m_NavMeshLayer: 0
  m_StaticEditorFlags: 0
  m_IsActive: 1
--- !u!114 &1942714609
MonoBehaviour:
  m_ObjectHideFlags: 0
  m_CorrespondingSourceObject: {fileID: 0}
  m_PrefabInstance: {fileID: 0}
  m_PrefabAsset: {fileID: 0}
  m_GameObject: {fileID: 1942714608}
  m_Enabled: 1
  m_EditorHideFlags: 0
  m_Script: {fileID: 11500000, guid: dc42784cf147c0c48a680349fa168899, type: 3}
  m_Name: 
  m_EditorClassIdentifier: 
  m_IgnoreReversedGraphics: 1
  m_BlockingObjects: 0
  m_BlockingMask:
    serializedVersion: 2
    m_Bits: 4294967295
--- !u!114 &1942714610
MonoBehaviour:
  m_ObjectHideFlags: 0
  m_CorrespondingSourceObject: {fileID: 0}
  m_PrefabInstance: {fileID: 0}
  m_PrefabAsset: {fileID: 0}
  m_GameObject: {fileID: 1942714608}
  m_Enabled: 1
  m_EditorHideFlags: 0
  m_Script: {fileID: 11500000, guid: 0cd44c1031e13a943bb63640046fad76, type: 3}
  m_Name: 
  m_EditorClassIdentifier: 
  m_UiScaleMode: 0
  m_ReferencePixelsPerUnit: 100
  m_ScaleFactor: 1
  m_ReferenceResolution: {x: 800, y: 600}
  m_ScreenMatchMode: 0
  m_MatchWidthOrHeight: 0
  m_PhysicalUnit: 3
  m_FallbackScreenDPI: 96
  m_DefaultSpriteDPI: 96
  m_DynamicPixelsPerUnit: 1
--- !u!223 &1942714611
Canvas:
  m_ObjectHideFlags: 0
  m_CorrespondingSourceObject: {fileID: 0}
  m_PrefabInstance: {fileID: 0}
  m_PrefabAsset: {fileID: 0}
  m_GameObject: {fileID: 1942714608}
  m_Enabled: 1
  serializedVersion: 3
  m_RenderMode: 2
  m_Camera: {fileID: 0}
  m_PlaneDistance: 100
  m_PixelPerfect: 0
  m_ReceivesEvents: 1
  m_OverrideSorting: 0
  m_OverridePixelPerfect: 0
  m_SortingBucketNormalizedSize: 0
  m_AdditionalShaderChannelsFlag: 0
  m_SortingLayerID: 0
  m_SortingOrder: 0
  m_TargetDisplay: 0
--- !u!224 &1942714612
RectTransform:
  m_ObjectHideFlags: 0
  m_CorrespondingSourceObject: {fileID: 0}
  m_PrefabInstance: {fileID: 0}
  m_PrefabAsset: {fileID: 0}
  m_GameObject: {fileID: 1942714608}
  m_LocalRotation: {x: 0, y: 0, z: 0, w: 1}
  m_LocalPosition: {x: 0, y: 0, z: 0}
  m_LocalScale: {x: 1, y: 1, z: 1}
  m_Children:
  - {fileID: 2083042032}
  m_Father: {fileID: 0}
  m_RootOrder: 7
  m_LocalEulerAnglesHint: {x: 0, y: 0, z: 0}
  m_AnchorMin: {x: 0, y: 0}
  m_AnchorMax: {x: 0, y: 0}
  m_AnchoredPosition: {x: 500.5, y: 254}
  m_SizeDelta: {x: 1001, y: 508}
  m_Pivot: {x: 0.5, y: 0.5}
--- !u!1 &1965423444
GameObject:
  m_ObjectHideFlags: 0
  m_CorrespondingSourceObject: {fileID: 0}
  m_PrefabInstance: {fileID: 0}
  m_PrefabAsset: {fileID: 0}
  serializedVersion: 6
  m_Component:
  - component: {fileID: 1965423446}
  - component: {fileID: 1965423445}
  m_Layer: 0
  m_Name: Point Light (3)
  m_TagString: Untagged
  m_Icon: {fileID: 0}
  m_NavMeshLayer: 0
  m_StaticEditorFlags: 0
  m_IsActive: 1
--- !u!108 &1965423445
Light:
  m_ObjectHideFlags: 0
  m_CorrespondingSourceObject: {fileID: 0}
  m_PrefabInstance: {fileID: 0}
  m_PrefabAsset: {fileID: 0}
  m_GameObject: {fileID: 1965423444}
  m_Enabled: 1
  serializedVersion: 9
  m_Type: 2
  m_Color: {r: 1, g: 1, b: 1, a: 1}
  m_Intensity: 4
  m_Range: 10
  m_SpotAngle: 30
  m_InnerSpotAngle: 21.80208
  m_CookieSize: 10
  m_Shadows:
    m_Type: 0
    m_Resolution: -1
    m_CustomResolution: -1
    m_Strength: 1
    m_Bias: 0.05
    m_NormalBias: 0.4
    m_NearPlane: 0.2
    m_CullingMatrixOverride:
      e00: 1
      e01: 0
      e02: 0
      e03: 0
      e10: 0
      e11: 1
      e12: 0
      e13: 0
      e20: 0
      e21: 0
      e22: 1
      e23: 0
      e30: 0
      e31: 0
      e32: 0
      e33: 1
    m_UseCullingMatrixOverride: 0
  m_Cookie: {fileID: 0}
  m_DrawHalo: 0
  m_Flare: {fileID: 0}
  m_RenderMode: 0
  m_CullingMask:
    serializedVersion: 2
    m_Bits: 4294967295
  m_RenderingLayerMask: 1
  m_Lightmapping: 4
  m_LightShadowCasterMode: 0
  m_AreaSize: {x: 1, y: 1}
  m_BounceIntensity: 1
  m_ColorTemperature: 6570
  m_UseColorTemperature: 0
  m_BoundingSphereOverride: {x: 0, y: 0, z: 0, w: 0}
  m_UseBoundingSphereOverride: 0
  m_ShadowRadius: 0
  m_ShadowAngle: 0
--- !u!4 &1965423446
Transform:
  m_ObjectHideFlags: 0
  m_CorrespondingSourceObject: {fileID: 0}
  m_PrefabInstance: {fileID: 0}
  m_PrefabAsset: {fileID: 0}
  m_GameObject: {fileID: 1965423444}
  m_LocalRotation: {x: -0, y: -0, z: -0, w: 1}
  m_LocalPosition: {x: 9.294308, y: 6.049761, z: -0.14592934}
  m_LocalScale: {x: 1, y: 1, z: 1}
  m_Children: []
  m_Father: {fileID: 2687291303549059347}
  m_RootOrder: 15
  m_LocalEulerAnglesHint: {x: 0, y: 0, z: 0}
--- !u!1001 &2013917527
PrefabInstance:
  m_ObjectHideFlags: 0
  serializedVersion: 2
  m_Modification:
    m_TransformParent: {fileID: 0}
    m_Modifications:
    - target: {fileID: 3465101218518676439, guid: f15789b48eae8cd48b6a7da3ed25fa7e,
        type: 3}
      propertyPath: m_Name
      value: CuboGrab (2)
      objectReference: {fileID: 0}
    - target: {fileID: 3465101218518676428, guid: f15789b48eae8cd48b6a7da3ed25fa7e,
        type: 3}
      propertyPath: m_LocalPosition.x
      value: 121.54
      objectReference: {fileID: 0}
    - target: {fileID: 3465101218518676428, guid: f15789b48eae8cd48b6a7da3ed25fa7e,
        type: 3}
      propertyPath: m_LocalPosition.y
      value: 11.15
      objectReference: {fileID: 0}
    - target: {fileID: 3465101218518676428, guid: f15789b48eae8cd48b6a7da3ed25fa7e,
        type: 3}
      propertyPath: m_LocalPosition.z
      value: 1.1
      objectReference: {fileID: 0}
    - target: {fileID: 3465101218518676428, guid: f15789b48eae8cd48b6a7da3ed25fa7e,
        type: 3}
      propertyPath: m_LocalRotation.x
      value: 0
      objectReference: {fileID: 0}
    - target: {fileID: 3465101218518676428, guid: f15789b48eae8cd48b6a7da3ed25fa7e,
        type: 3}
      propertyPath: m_LocalRotation.y
      value: 0
      objectReference: {fileID: 0}
    - target: {fileID: 3465101218518676428, guid: f15789b48eae8cd48b6a7da3ed25fa7e,
        type: 3}
      propertyPath: m_LocalRotation.z
      value: 0
      objectReference: {fileID: 0}
    - target: {fileID: 3465101218518676428, guid: f15789b48eae8cd48b6a7da3ed25fa7e,
        type: 3}
      propertyPath: m_LocalRotation.w
      value: 1
      objectReference: {fileID: 0}
    - target: {fileID: 3465101218518676428, guid: f15789b48eae8cd48b6a7da3ed25fa7e,
        type: 3}
      propertyPath: m_RootOrder
      value: 6
      objectReference: {fileID: 0}
    - target: {fileID: 3465101218518676428, guid: f15789b48eae8cd48b6a7da3ed25fa7e,
        type: 3}
      propertyPath: m_LocalEulerAnglesHint.x
      value: 0
      objectReference: {fileID: 0}
    - target: {fileID: 3465101218518676428, guid: f15789b48eae8cd48b6a7da3ed25fa7e,
        type: 3}
      propertyPath: m_LocalEulerAnglesHint.y
      value: 0
      objectReference: {fileID: 0}
    - target: {fileID: 3465101218518676428, guid: f15789b48eae8cd48b6a7da3ed25fa7e,
        type: 3}
      propertyPath: m_LocalEulerAnglesHint.z
      value: 0
      objectReference: {fileID: 0}
    - target: {fileID: 3465101218518676428, guid: f15789b48eae8cd48b6a7da3ed25fa7e,
        type: 3}
      propertyPath: m_LocalScale.x
      value: 0.6
      objectReference: {fileID: 0}
    - target: {fileID: 3465101218518676428, guid: f15789b48eae8cd48b6a7da3ed25fa7e,
        type: 3}
      propertyPath: m_LocalScale.y
      value: 0.6
      objectReference: {fileID: 0}
    - target: {fileID: 3465101218518676428, guid: f15789b48eae8cd48b6a7da3ed25fa7e,
        type: 3}
      propertyPath: m_LocalScale.z
      value: 0.6
      objectReference: {fileID: 0}
    - target: {fileID: 7118337474747352411, guid: f15789b48eae8cd48b6a7da3ed25fa7e,
        type: 3}
      propertyPath: E_Image
      value: 
      objectReference: {fileID: 2083042033}
    - target: {fileID: 7118337474747352411, guid: f15789b48eae8cd48b6a7da3ed25fa7e,
        type: 3}
      propertyPath: canvas
      value: 
      objectReference: {fileID: 1942714611}
    m_RemovedComponents: []
  m_SourcePrefab: {fileID: 100100000, guid: f15789b48eae8cd48b6a7da3ed25fa7e, type: 3}
--- !u!1 &2083042031
GameObject:
  m_ObjectHideFlags: 0
  m_CorrespondingSourceObject: {fileID: 0}
  m_PrefabInstance: {fileID: 0}
  m_PrefabAsset: {fileID: 0}
  serializedVersion: 6
  m_Component:
  - component: {fileID: 2083042032}
  - component: {fileID: 2083042034}
  - component: {fileID: 2083042033}
  m_Layer: 5
  m_Name: E_Image
  m_TagString: Untagged
  m_Icon: {fileID: 0}
  m_NavMeshLayer: 0
  m_StaticEditorFlags: 0
  m_IsActive: 1
--- !u!224 &2083042032
RectTransform:
  m_ObjectHideFlags: 0
  m_CorrespondingSourceObject: {fileID: 0}
  m_PrefabInstance: {fileID: 0}
  m_PrefabAsset: {fileID: 0}
  m_GameObject: {fileID: 2083042031}
  m_LocalRotation: {x: 0, y: 0, z: 0, w: 1}
  m_LocalPosition: {x: 0, y: 0, z: -9.4}
  m_LocalScale: {x: 0.019858, y: 0.019858, z: 0.019858}
  m_Children: []
  m_Father: {fileID: 1942714612}
  m_RootOrder: 0
  m_LocalEulerAnglesHint: {x: 0, y: 0, z: 0}
  m_AnchorMin: {x: 0.5, y: 0.5}
  m_AnchorMax: {x: 0.5, y: 0.5}
  m_AnchoredPosition: {x: -520.3502, y: -253.4}
  m_SizeDelta: {x: 100, y: 100}
  m_Pivot: {x: 0.5, y: 0.5}
--- !u!114 &2083042033
MonoBehaviour:
  m_ObjectHideFlags: 0
  m_CorrespondingSourceObject: {fileID: 0}
  m_PrefabInstance: {fileID: 0}
  m_PrefabAsset: {fileID: 0}
  m_GameObject: {fileID: 2083042031}
  m_Enabled: 1
  m_EditorHideFlags: 0
  m_Script: {fileID: 11500000, guid: fe87c0e1cc204ed48ad3b37840f39efc, type: 3}
  m_Name: 
  m_EditorClassIdentifier: 
  m_Material: {fileID: 0}
  m_Color: {r: 1, g: 1, b: 1, a: 1}
  m_RaycastTarget: 1
  m_OnCullStateChanged:
    m_PersistentCalls:
      m_Calls: []
  m_Sprite: {fileID: 21300000, guid: b3a99641b365dab4ebd4ff3b203ef262, type: 3}
  m_Type: 0
  m_PreserveAspect: 0
  m_FillCenter: 1
  m_FillMethod: 4
  m_FillAmount: 1
  m_FillClockwise: 1
  m_FillOrigin: 0
  m_UseSpriteMesh: 0
  m_PixelsPerUnitMultiplier: 1
--- !u!222 &2083042034
CanvasRenderer:
  m_ObjectHideFlags: 0
  m_CorrespondingSourceObject: {fileID: 0}
  m_PrefabInstance: {fileID: 0}
  m_PrefabAsset: {fileID: 0}
  m_GameObject: {fileID: 2083042031}
  m_CullTransparentMesh: 0
--- !u!1001 &2687291303549059346
PrefabInstance:
  m_ObjectHideFlags: 0
  serializedVersion: 2
  m_Modification:
    m_TransformParent: {fileID: 0}
    m_Modifications:
    - target: {fileID: 2687291302820057242, guid: 06797c6253fb56257aaf6e71d34ccfd3,
        type: 3}
      propertyPath: m_Name
      value: StanzaLivello4
      objectReference: {fileID: 0}
    - target: {fileID: 2687291302820057243, guid: 06797c6253fb56257aaf6e71d34ccfd3,
        type: 3}
      propertyPath: m_LocalPosition.x
      value: 133.84
      objectReference: {fileID: 0}
    - target: {fileID: 2687291302820057243, guid: 06797c6253fb56257aaf6e71d34ccfd3,
        type: 3}
      propertyPath: m_LocalPosition.y
      value: 10.408
      objectReference: {fileID: 0}
    - target: {fileID: 2687291302820057243, guid: 06797c6253fb56257aaf6e71d34ccfd3,
        type: 3}
      propertyPath: m_LocalPosition.z
      value: 2.5193
      objectReference: {fileID: 0}
    - target: {fileID: 2687291302820057243, guid: 06797c6253fb56257aaf6e71d34ccfd3,
        type: 3}
      propertyPath: m_LocalRotation.x
      value: 0
      objectReference: {fileID: 0}
    - target: {fileID: 2687291302820057243, guid: 06797c6253fb56257aaf6e71d34ccfd3,
        type: 3}
      propertyPath: m_LocalRotation.y
      value: 0
      objectReference: {fileID: 0}
    - target: {fileID: 2687291302820057243, guid: 06797c6253fb56257aaf6e71d34ccfd3,
        type: 3}
      propertyPath: m_LocalRotation.z
      value: 0
      objectReference: {fileID: 0}
    - target: {fileID: 2687291302820057243, guid: 06797c6253fb56257aaf6e71d34ccfd3,
        type: 3}
      propertyPath: m_LocalRotation.w
      value: 1
      objectReference: {fileID: 0}
    - target: {fileID: 2687291302820057243, guid: 06797c6253fb56257aaf6e71d34ccfd3,
        type: 3}
      propertyPath: m_RootOrder
      value: 0
      objectReference: {fileID: 0}
    - target: {fileID: 2687291302820057243, guid: 06797c6253fb56257aaf6e71d34ccfd3,
        type: 3}
      propertyPath: m_LocalEulerAnglesHint.x
      value: 0
      objectReference: {fileID: 0}
    - target: {fileID: 2687291302820057243, guid: 06797c6253fb56257aaf6e71d34ccfd3,
        type: 3}
      propertyPath: m_LocalEulerAnglesHint.y
      value: 0
      objectReference: {fileID: 0}
    - target: {fileID: 2687291302820057243, guid: 06797c6253fb56257aaf6e71d34ccfd3,
        type: 3}
      propertyPath: m_LocalEulerAnglesHint.z
      value: 0
      objectReference: {fileID: 0}
    - target: {fileID: 396907629393442583, guid: 06797c6253fb56257aaf6e71d34ccfd3,
        type: 3}
      propertyPath: m_Convex
      value: 0
      objectReference: {fileID: 0}
    - target: {fileID: 396907629393442583, guid: 06797c6253fb56257aaf6e71d34ccfd3,
        type: 3}
      propertyPath: m_Enabled
      value: 1
      objectReference: {fileID: 0}
    - target: {fileID: 6931490615459702805, guid: 06797c6253fb56257aaf6e71d34ccfd3,
        type: 3}
      propertyPath: m_LocalPosition.x
      value: 0.65918
      objectReference: {fileID: 0}
    - target: {fileID: 6931490615459702805, guid: 06797c6253fb56257aaf6e71d34ccfd3,
        type: 3}
      propertyPath: m_LocalPosition.y
      value: 4.9295654
      objectReference: {fileID: 0}
    - target: {fileID: 6931490615459702805, guid: 06797c6253fb56257aaf6e71d34ccfd3,
        type: 3}
      propertyPath: m_LocalPosition.z
      value: -4.726
      objectReference: {fileID: 0}
    - target: {fileID: 6931490615252602464, guid: 06797c6253fb56257aaf6e71d34ccfd3,
        type: 3}
      propertyPath: m_LocalPosition.x
      value: 0.65918
      objectReference: {fileID: 0}
    - target: {fileID: 6931490615252602464, guid: 06797c6253fb56257aaf6e71d34ccfd3,
        type: 3}
      propertyPath: m_LocalPosition.y
      value: 4.9296
      objectReference: {fileID: 0}
    - target: {fileID: 6931490615252602464, guid: 06797c6253fb56257aaf6e71d34ccfd3,
        type: 3}
      propertyPath: m_LocalPosition.z
      value: 3.8713
      objectReference: {fileID: 0}
    - target: {fileID: 6931490614573252939, guid: 06797c6253fb56257aaf6e71d34ccfd3,
        type: 3}
      propertyPath: m_LocalPosition.z
      value: 3.928
      objectReference: {fileID: 0}
    - target: {fileID: 6227000703445679079, guid: 06797c6253fb56257aaf6e71d34ccfd3,
        type: 3}
      propertyPath: m_IsActive
      value: 1
      objectReference: {fileID: 0}
    - target: {fileID: 6227000702532975778, guid: 06797c6253fb56257aaf6e71d34ccfd3,
        type: 3}
      propertyPath: m_IsActive
      value: 1
      objectReference: {fileID: 0}
    m_RemovedComponents: []
  m_SourcePrefab: {fileID: 100100000, guid: 06797c6253fb56257aaf6e71d34ccfd3, type: 3}
--- !u!4 &2687291303549059347 stripped
Transform:
  m_CorrespondingSourceObject: {fileID: 2687291302820057243, guid: 06797c6253fb56257aaf6e71d34ccfd3,
    type: 3}
  m_PrefabInstance: {fileID: 2687291303549059346}
  m_PrefabAsset: {fileID: 0}
